2862 5794
231 298 307 360 ern
541 305 565 360 1.
598 303 962 412 tenni-:pru

233 477 281 547 te·
295 461 361 524 τῶν·
382 449 678 526 louor··lrahetur.³
721 471 789 548 qnir
816 464 921 529 bonor
949 461 1020 538 ille,
1054 467 1145 547 quem
1175 461 1281 524 videri

190 579 193 585 ·
232 549 324 632 polin
349 551 578 612 Treienmlrbi
604 551 741 613 habere?
784 551 1032 634 Locus-elegans
1055 552 1156 621 ioue,
1186 548 1207 608 fi
1235 547 1282 610 fic

232 629 410 722 legeretur,
435 659 502 698 nou
525 641 613 696 enim
633 639 695 698 tibi
716 639 824 699 honor
842 633 919 717 iste,
931 637 1000 717 sed
1019 659 1041 695 a
1056 653 1090 697 te
1102 635 1283 716 agentibus

232 724 394 791 liabetur,
416 723 451 784 io
477 743 542 784 non
567 741 627 783 tem
651 725 798 786 tibihoc·
813 727 910 786 ruodo
933 723 1067 786 hebetur
1085 721 1186 784 honos
1209 743 1283 808 gre-

235 817 284 871 tiis
305 811 450 892 agendis,
482 811 530 870 led
552 810 760 874 tu'honorem
786 811 893 872 tribuis
917 807 1049 884 senatui,
1072 831 1142 870 cnm
1167 809 1285 871 admit·
1339 832 1342 838 ·
1418 839 1423 873 ι

121 935 130 947 =
217 898 337 960 ¹tendis
367 901 470 978 gratiis
498 895 632 974 ostendis
663 904 868 960 reverentiam
898 893 1028 959 senatun
1082 898 1155 956 Sive
1181 915 1286 978 porro

34 982 35 993 ¹
140 1011 143 1017 ·
236 985 369 1044 addetur
391 988 424 1040 in
447 988 551 1061 capite
573 983 656 1063 ipio,
678 981 739 1044 live
761 982 828 1064 post
847 981 997 1046 scribetur
1016 995 1040 1040 a
1060 998 1094 1042 te
1111 980 1195 1063 ipso,
1212 1001 1288 1044 non
1418 1051 1421 1060 .

137 1081 174 1102 '¹
234 1073 369 1132 multem
393 1067 504 1142 refert:
544 1085 689 1130 neutrum
712 1071 885 1134 admodum
914 1073 1043 1153 elegant
1067 1066 1128 1142 eit,
1160 1083 1192 1128 et
1223 1087 1288 1149 pro
1352 1103 1356 1116 ι
1420 1138 1424 1148 ,

143 1174 144 1178 ’
237 1159 448 1238 concinnitate
484 1153 543 1218 elie
584 1157 696 1223 Plinii,
753 1157 834 1240 Nem
867 1172 905 1218 ut
940 1157 1031 1238 plene
1072 1169 1104 1216 et
1138 1169 1289 1215 rctnrete

130 1232 135 1244 ¹
235 1239 395 1324 oppositio
422 1231 513 1314 eilet,
546 1241 744 1304 neceiiarium
773 1243 871 1316 foret,
901 1264 970 1302 non
998 1243 1085 1302 enim
1114 1241 1288 1320 cesenate
1371 1295 1373 1300 ,
1419 1307 1429 1318 .

163 1354 166 1366 ·
204 1339 207 1346 '
233 1331 299 1393 tibi
320 1329 428 1388 honor
449 1325 527 1404 isle,
537 1328 607 1406 sed
623 1351 646 1388 a
666 1346 700 1388 te
719 1330 895 1408 agentibus
914 1329 1066 1392 debetur.
1257 1340 1262 1370 ¹

294 1437 297 1442 ·
323 1436 349 1475 c.
373 1419 402 1477 5.
435 1435 582 1496 ‘quorum
612 1422 645 1476 in
674 1435 705 1477 te
733 1417 881 1477 iudicium
914 1431 947 1476 et
971 1417 1060 1476 levor
1086 1429 1161 1474 tunc
1187 1409 1293 1474 stetim

219 1499 384 1568 >inusitato
407 1501 523 1564 indicio
543 1503 678 1586 enituit)
724 1503 1008 1564 Verbumenituit
1028 1521 1095 1562 non
1118 1498 1161 1560 eit
1174 1517 1290 1580 aptum

237 1608 344 1671 neque
375 1587 510 1660 iudicio,
538 1609 641 1670 neque
674 1589 783 1648 ievori.
839 1589 922 1648 Hinc
956 1585 1127 1670 quaesitum
1161 1576 1291 1646 videtui

227 1678 388 1742 venotuit,
404 1674 495 1756 qnod
517 1694 577 1734 nec
596 1673 694 1753 ipsum
720 1675 922 1735 commodum
944 1673 996 1734 eil.
1042 1675 1143 1738 Verba
1154 1678 1291 1754 proprie

238 1762 338 1822 favori
370 1759 437 1819 inm
467 1768 612 1819 eminere
641 1775 672 1820 et
698 1763 852 1821 emicare.
908 1760 1154 1821 Coniunduntnr
1182 1775 1291 1818 eutem

172 1901 178 1920 ,
220 1847 331 1928 impe
356 1850 388 1906 in
410 1845 494 1906 libris
516 1827 662 1907 dminere
683 1862 716 1908 et
737 1850 872 1906 enitere.
897 1845 961 1908 vid.
980 1867 1008 1907 v.
1021 1847 1292 1910 c.Bu'rmannum

240 1938 281 1996 ed
301 1935 439 1993 ‘Suetom
461 1929 631 2013 calip-15.
1101 1981 1106 1990 .

327 2019 404 2077 ibid.
425 2017 613 2080 obstinatum
634 2017 708 2091 tibi,
741 2011 809 2081 non
841 2013 994 2099 suscipere
1016 2021 1198 2099 imperinm,
1228 2015 1292 2080 nili

239 2103 422 2166 servandum
442 2093 576 2184 fuiffet)
630 2104 666 2164 In
698 2101 899 2180 obstinatum
930 2102 1170 2187 intelligendum
1201 2121 1292 2174 erut,

225 2191 352 2270 dieque
382 2187 465 2274 sequi
495 2191 590 2250 debet
614 2186 767 2270 effetum
788 2193 895 2272 J'oret.
944 2190 1135 2252 Alterutrum
1157 2187 1293 2271 sequen·

241 2278 327 2336 dom.
378 2275 457 2336 Mox
478 2275 699 2357 praesaeurffe
721 2276 830 2337 melius
861 2273 921 2364 qss,
953 2298 1047 2360 quem
1076 2273 1292 2358 praeeeffiffe.

240 2363 356 2424 Utrum
382 2360 483 2420 Plinii
510 2361 639 2422 verbum
663 2359 714 2432 lit,
740 2382 779 2422 en
801 2363 909 2444 aliquis
932 2367 965 2423 in
988 2368 1127 2447 margine
1149 2359 1291 2427 voffiani

60 2487 63 2496 .
140 2481 180 2519 2„
210 2532 213 2543 ἱ
241 2437 314 2511 libri
333 2443 501 2528 scripserit,
523 2464 557 2509 ut
578 2445 688 2506 melius
711 2446 853 2507 Pliuieno
875 2447 988 2525 verbo,
1011 2469 1079 2510 non
1099 2450 1244 2510 dixerim.

328 2554 355 2594 c.
380 2539 411 2598 8.
455 2549 515 2594 tua
536 2567 578 2580 -
601 2535 730 2616 adoptio
753 2548 880 2614 peracte
899 2531 957 2620 est)
999 2537 1184 2597 Arutzeuio
1205 2534 1294 2600 bene

151 2641 160 2651 ·
244 2623 296 2684 tui
316 2620 433 2702 placet.

273 2723 277 2734 '
327 2705 403 2766 ibid.
451 2707 505 2766 Uti
528 2725 569 2764 ue
590 2708 645 2790 qui
665 2701 845 2782 adoptaret
866 2703 941 2783 etc.)
989 2707 1108 2790 Utique
1128 2705 1211 2770 bene
1233 2706 1289 2772 re'·

240 2790 380 2855 illidium
410 2812 469 2870 pro
529 2807 653 2874 terque.
703 2790 766 2872 Qui
794 2789 990 2872 adoptaret,
1016 2814 1083 2856 non
1105 2793 1240 2855 debebat
1271 2817 1291 2858 a

245 2879 426 2940 Scluareio
448 2884 561 2939 mutari
581 2885 614 2938 in
634 2875 827 2958 adoptarat.
848 2877 851 2882 '
871 2873 922 2936 tlt
942 2883 1025 2937 enim
1054 2895 1163 2942 contre
1183 2882 1292 2942 letini-

243 2982 350 3028 tetem.
405 2968 486 3026 Nem
512 2968 659 3043 temporis
692 2968 772 3024 totio
801 2983 870 3025 non
897 2961 1030 3026 admittit
1056 2967 1295 3050 plusquamper-

244 3053 370 3115 fectum.
426 3053 532 3112 Potiur
554 3049 681 3112 scribam
701 3048 904 3122 adoptabat:
926 3049 978 3112 sed
999 3050 1180 3133 adoptaret
1202 3074 1291 3116 cont·

243 3140 339 3200 mode
383 3131 519 3211 menet‚'
540 3151 678 3230 ¹propter
717 3135 904 3198 relationem
947 3136 989 3197 ed
1027 3141 1160 3220 pererit,
1203 3141 1291 3204 unde
1329 3163 1336 3170 ·

243 3225 373 3309 pendet.
518 3283 520 3290 ,
625 3265 640 3273 -
874 3234 899 3286 ἱ
1209 3290 1212 3304 ,

255 3351 259 3358 -
332 3309 407 3374 ibid.
452 3307 667 3383 Simulfilitu,
696 3305 785 3370 limul
806 3309 937 3383 Caesar,
967 3305 1232 3392 moxlmperetor
1255 3329 1290 3374 et

243 3397 370 3462 consors
390 3393 571 3456 tribunitiae
587 3395 762 3477 potestatis,
785 3412 818 3458 et
828 3402 1068 3476 omnin-pariter
1089 3401 1166 3474 etc.)
1199 3399 1288 3460 Haeo

244 3489 381 3546 oratorie
404 3483 482 3544 dicte
503 3477 662 3546 'videntne
711 3488 810 3557 Nam,
834 3498 869 3552 ut
895 3483 1119 3544 'li'ilemontiue
1139 3483 1233 3544 docet
1252 3489 1290 3546 in

243 3571 346 3654 Nerya
373 3567 585 3650 p.147.‘148.
609 3591 675 3631 non
698 3577 802 3632 omnia
826 3575 943 3651 pariter
963 3586 993 3630 et
1009 3569 1096 3630 fimnl
1114 3569 1215 3630 fectus
1232 3568 1287 3632 eti.

182 3663 186 3670 '
243 3657 327 3716 Tum
349 3658 565 3734 Imperatoris
587 3671 705 3718 nomeu
726 3659 889 3740 quomodo
914 3659 1048 3730 dicatur,
1070 3655 1222 3736 disputari
1242 3659 1289 3716 vi·

244 3740 317 3804 deo.
370 3743 494 3819 Pagius
520 3747 554 3802 in
576 3743 651 3805 Crit.
675 3745 787 3804 Baton.
811 3746 850 3806 T.
867 3741 890 3804 1‘.
915 3765 944 3822 p.
964 3746 1031 3803 115.
1058 3762 1126 3822 ¹¹9·
1152 3741 1289 3828 intelligi

192 3847 196 3856 ·
244 3829 381 3910 disputet
405 3826 625 3908 proconsulare
651 3834 834 3911 imperium,
869 3827 928 3890 hoc
951 3827 1011 3898 eit,
1046 3830 1093 3886 ius
1119 3835 1153 3888 in
1176 3849 1288 3892 omnes

243 3920 423 3998 provincias
453 3934 522 3974 cnm
554 3915 704 3994 potestate
731 3915 803 3977 belli
831 3915 970 3998 gerendi.
1015 3917 1089 3972 item
1112 3936 1143 3995 p.
1166 3935 1226 3996 90,
1254 3913 1287 3978 b.

243 4005 304 4082 95,
327 4023 353 4062 e.
376 4001 428 4060 ubi
453 4003 538 4060 numi
554 4003 654 4064 Nerva
677 4013 747 4071 vivo
771 3999 849 4072 cufi,
872 4008 904 4059 in
929 3997 1040 4080 quibus
1057 4001 1209 4062 Traianus
1224 4003 1288 4062 lm-

155 4130 161 4144 .
227 4085 370 4168 'perator
392 4087 514 4148 dicitnr.
562 4089 625 4148 Sed
645 4095 729 4154 iniit
751 4093 853 4148 numis
875 4085 1089 4162 Imperatoris
1104 4097 1222 4150 nomen
1243 4087 1288 4150 eit

243 4178 391 4237 victoriae
411 4174 577 4246 indicium,
599 4183 673 4256 qnia
696 4179 817 4240 nomini
837 4187 868 4234 et
889 4171 1187 4237 ceteriehonoribus
1205 4172 1289 4252 poll-

243 4265 388 4342 ponitur,
414 4279 488 4332 non.
503 4273 576 4322 ente
594 4280 716 4330 nomen
735 4265 883 4346 ponitur,
904 4275 940 4321 nt
960 4258 995 4320 iit
1015 4262 1050 4322 in
1065 4261 1142 4324 eliis.
1190 4261 1287 4323 Forte
