2846 4958
258 307 332 382 610
456 325 757 379 cantarat
805 325 1098 381 suerunt

444 398 448 416 l

205 548 216 570 .
260 522 282 568 a
319 493 517 586 militibus,
557 517 620 568 aut
650 495 762 569 amari
799 495 921 570 timet:
959 517 996 570 et
1028 491 1114 568 inde
1152 491 1325 566 offensae

103 599 108 606 '
170 637 185 692 j
259 598 469 697 gratiaeque
496 597 789 698 paritcrl'ccori,
815 599 946 674 instant
965 600 1158 700 operibus,
1180 595 1325 668 adsunt

263 699 604 796 exercitationibus,
642 732 763 792 arma,
808 704 975 796 moenia,
1024 703 1122 775 viros
1171 719 1320 798 aptant.

236 804 415 904 3Quippe
444 831 518 878 non
539 806 570 878 is
592 807 781 906 princeps,
811 807 875 905 qui
901 805 969 880 libi
994 806 1209 896 imminere,
1244 801 1322 875 fibi

257 907 406 1007 ¹intendi
428 929 551 1005 putet,
574 909 677 1009 quod
700 909 738 984 in
763 911 883 984 bolles
911 931 1075 1008 paretur:
1109 933 1215 1007 quae.
1233 933 1324 1004 per-

259 1009 377 1086 sualio
406 1011 478 1084 suit
503 1008 672 1107 illorum,
710 1015 774 1112 qui
803 1013 947 1092 hostilia
987 1013 1321 1112 quum.lar.erent,

263 1114 453 1188 timebant.
517 1115 637 1188 Iidem
665 1145 760 1215 ergo
791 1139 937 1217 torpere
971 1115 1142 1200 militaria
1179 1111 1319 1204 studia,

262 1243 331 1313 nec
358 1218 500 1290 animos
518 1219 652 1312 modo,
684 1219 749 1294 sed
771 1243 808 1294 et
830 1247 984 1318 corpora
1008 1218 1084 1317 ipsa
1105 1214 1321 1314 languesce-

263 1346 323 1410 re,
356 1318 497 1423 gladios
521 1322 631 1394 etiarn
650 1325 790 1396 incuria
804 1323 970 1398 hebetari
991 1319 1210 1418 retundiqne
1227 1347 1319 1416 gau·

235 1421 412 1502 lidebant.
466 1423 589 1496 Duces
615 1453 728 1523 porro
751 1427 880 1520 nostri,
906 1453 980 1498 non
1008 1447 1082 1498 taru
1105 1451 1232 1520 regum
1254 1449 1318 1494 ex·

162 1615 168 1620 ι
226 1563 230 1574 ·
263 1545 447 1619 tenorum,
480 1553 591 1624 quam
622 1527 772 1602 litorum
805 1530 1013 1627 principum
1045 1525 1210 1619 infidias,
1244 1551 1316 1598 nce

226 1707 230 1712 .
262 1651 337 1702 tam
360 1625 541 1723 hostium,
567 1659 678 1730 quam
695 1632 989 1718 commilitonum
1013 1657 1141 1702 manus
1159 1631 1316 1704 ferrum·

265 1759 337 1832 que
362 1733 586 1805 metuebant.
763 1783 766 1794 ·

298 1863 303 1870 ·
365 1835 475 1921 XIX.
527 1835 589 1908 Est
619 1837 711 1911 haec
742 1859 869 1926 natttra
897 1835 1094 1930 sideribus,
1126 1855 1169 1908 ut
1199 1859 1314 1934 parva
1393 1859 1394 1914 ἶ

123 2019 128 2036 .
193 2029 197 2035 Ι
264 1957 302 2014 et
317 1937 424 2010 exilia
444 1936 667 2014 validiorum
683 1964 828 2016 exortus
847 1939 1034 2015 obscuret:
1060 1939 1224 2020 limiliter
1239 1941 1314 2012 lm-

263 2041 443 2138 peratoris
464 2040 625 2116 adventu
645 2045 869 2142 Legatorum
891 2042 1048 2142 dignitas
1067 2043 1310 2116 inumbratur.

236 2143 327 2217 ²Tu
352 2165 474 2218 tamen
499 2146 616 2220 maior
650 2149 821 2222 omnibus
845 2147 997 2248 quidem
1022 2173 1119 2237 eras,
1148 2143 1212 2218 led
1236 2144 1311 2218 fine

264 2246 374 2320 ullius
402 2246 656 2324 deminutione
682 2251 820 2324 maior:
871 2249 1025 2324 eandem
1057 2251 1310 2324 auctoritatem

262 2348 452 2446 praesente
486 2370 522 2422 te
548 2353 726 2450 quisque,
767 2381 879 2453 quam
910 2353 1076 2446 absente,
1111 2351 1309 2426 retinebat:

252 2445 355 2550 'quin
386 2452 497 2527 etiam
522 2453 706 2552 plerisque
740 2481 849 2530 exeo
875 2457 1077 2530 reverentia
1107 2455 1309 2548 accellerat,

233 2551 369 2652 equod
398 2574 438 2627 tu
463 2580 613 2653 quoque
638 2558 721 2632 illos
747 2559 971 2636 reverebare.
1031 2559 1161 2658 ltaque
1193 2557 1310 2657 peria.

265 2653 312 2730 de
341 2654 491 2730 summis
521 2679 630 2756 atque
655 2659 799 2737 infimis.
821 2687 946 2756 carus,
978 2661 1025 2734 fic
1051 2661 1309 2762 imperatorem

262 2759 629 2860 commilitonemque
654 2763 867 2858 miscueras,
894 2787 936 2843 ut
960 2763 1119 2842 studium
1144 2765 1307 2838 omnium

262 2863 523 2966 laboremque,
560 2887 597 2940 et
626 2887 800 2967 tauquam
831 2889 977 2943 exactor
1008 2866 1235 2960 intenderes,
1274 2889 1308 2942 et

232 2971 439 3066 dtanquam
471 2969 652 3070 particeps
684 2971 878 3073 [ociusque
911 2973 1100 3044 relevares.
1170 2972 1305 3045 Felices

244 3068 366 3166 ¹illos,
392 3100 550 3174 quorum
569 3071 662 3148 {ides
687 3097 724 3150 ct
743 3073 918 3150 industria
942 3093 1017 3148 non
1040 3102 1105 3174 per
1123 3075 1307 3148 internun-

263 3307 301 3364 ris
336 3307 387 3362 illis
423 3309 571 3366 Domitiani
604 3310 769 3383 temporibus
803 3309 921 3382 tosttlta
943 3329 1027 3380 quum
1045 3311 1196 3384 facerent,
1221 3311 1306 3386 lassu·

175 3386 177 3390 ’
255 3377 601 3450 'periculosnmeratduci,
620 3400 769 3436 rroaama·
802 3383 845 3435 Ila
872 3383 1017 3436 struebant.
1055 3381 1128 3455 qood
1154 3383 1307 3454 praeferam,

263 3455 291 3500 rt
314 3467 333 3500 a
359 3451 509 3514 materiem
536 3449 573 3504 fic
598 3453 668 3504 enirn
692 3449 769 3504 facile
802 3467 833 3504 ut
851 3449 1135 3526 [ouantiusauresque
1154 3453 1237 3526 magis
1260 3455 1307 3508 in·

263 3515 376 3572 delatori
415 3517 530 3572 invenire
568 3521 684 3576 crimen:
723 3519 769 3574 sed
800 3519 888 3595 ,plana
925 3523 952 3576 S.
1230 3516 1234 3526 ’

264 3587 498 3660 amart'quoqu03
526 3591 712 3662 comlirl'picio
733 3584 770 3643 el·
835 3587 1017 3672 Iidemnergn
1041 3596 1171 3660 torpere)
1202 3590 1307 3660 ‘Quan-

264 3653 317 3731 [ομ
336 3655 415 3708 illum
434 3657 536 3728 aliquid
552 3659 637 3719 moliri
657 3675 707 3714 etc.
733 3661 767 3714 G.
804 3659 862 3713 titis
880 3677 955 3781 preto
969 3661 1119 3715 emendatio
1134 3659 1306 3714 ctschw·

259 3752 262 3764 ·
296 3734 426 3786 tnoertr'a)
462 3724 613 3785 Cilltortirrr
634 3747 770 3801 atqoeur·
802 3729 835 3782 aii
859 3729 877 3782 li
898 3749 927 3782 ro
951 3727 1070 3784 (labetur.
1106 3729 1218 3784 Eodem
1239 3751 1305 3801 ergo

261 3791 346 3874 bium:
391 3793 442 3850 Vel
470 3797 624 3868 generaliter
654 3808 769 3852 moenia
804 3815 929 3870 tempore
950 3799 989 3854 vel
1012 3799 1113 3854 eodem
1130 3816 1248 3872 torpore
1273 3801 1305 3856 sl.

262 3863 547 3932 accipiamnsmuuta,
569 3885 583 3920 a
621 3867 697 3922 uibus
711 3889 769 3921 ma-
806 3871 840 3922 G.

261 3929 361 4001 ur'fices
380 3933 519 4000 dicuntur,
539 3956 611 4012 oppo
634 3939 652 3993 ti
672 3940 769 3992 immo·
836 3936 919 4002 xlx,
940 3955 951 3989 ι
971 3939 1157 4004 Legatoram)
1185 3937 1257 3992 Cum
1274 3937 1308 3994 de

259 4001 347 4054 uibus.
397 4001 504 4078 Nempe
530 4015 645 4062 moenia
670 4007 769 4063 llruere
802 4005 873 4062 bello
893 4007 982 4062 adbuc
1003 4010 1087 4061 lermo
1107 4009 1154 4068 lit,
1182 4009 1306 4080 Legatos

259 4069 328 4123 inter
350 4079 449 4126 munr'a
468 4079 639 4151 praecipuum
656 4077 709 4142 est,
729 4093 768 4131 at·
801 4095 858 4130 nou
882 4077 965 4130 morlo
986 4077 1116 4148 Caesaris
1129 4079 1308 4150 etCoussIa·

260 4159 314 4212 qne
341 4143 434 4192 eadem
465 4144 544 4216 plane
568 4165 633 4209 vox,
666 4167 681 4199 ι
714 4166 767 4222 que
802 4166 846 4200 res
877 4146 1040 4220 intelligam,
1080 4147 1126 4218 qni
1159 4149 1306 4220 provincias

260 4219 367 4264 maritat
379 4209 470 4277 castra,
486 4217 550 4278 rias,
570 4215 658 4280 urbes,
674 4217 767 4280 dicun-
801 4215 887 4270 aliena
912 4219 1068 4271 anctoritate
1093 4232 1228 4288 regerents
1262 4215 1307 4272 tet

260 4293 313 4334 tur.
353 4279 386 4332 G.
800 4285 943 4346 militares,
976 4287 1021 4358 qui
1048 4282 1090 4338 rel
1116 4285 1242 4342 exercitui
1266 4285 1305 4342 tel

292 4355 380 4420 3qut
391 4346 593 4430 ltqllr'lr'astc)
627 4353 698 4420 cod,
715 4361 767 4428 qut
800 4353 899 4427 legioni
916 4351 1068 4429 precellens.
1106 4357 1141 4412 G.
