2862 5794
244 293 358 349 LXXVI
424 291 447 344 1.
467 291 498 348 A.
520 287 735 366 eniteant
757 288 909 346 NOTAE
927 289 983 346 Ab
1003 289 1122 349 runi
1172 329 1175 337 ·
1333 353 1340 382 Ι

85 494 94 502 -
127 459 129 466 ’
209 513 212 518 .
268 456 270 464 ’
342 448 445 522 Haec
470 445 576 541 sunta
601 475 694 548 quae
718 448 919 522 ert-notatis
942 449 1096 522 anobis
1124 447 1171 520 in'
1187 475 1282 524 mar·

127 573 129 582 ·
177 567 186 615 '·
242 551 325 652 gine
351 553 507 652 exempli
533 551 645 624 nostri
671 551 825 626 etnotis
854 549 1043 652 adscriptis
1077 549 1279 649 delegimus

240 656 315 729 hoc
339 675 523 754 temp'ore,
548 675 590 728 ut
611 654 673 730 hic
688 649 952 728 insererentur.
1003 653 1174 748 Difficilis
1193 651 1278 732 sane

241 780 277 834 et
298 757 440 832 lubrica
468 757 518 832 est
541 743 632 832 baei
656 754 874 832 emendandi
900 761 1012 832 Plinii
1043 758 1155 852 mtio‘,
1189 757 1276 857 quia

166 905 173 914 ·
238 863 278 944 in
310 861 383 938 istis
409 861 594 936 sententiis
625 861 740 937 acutis
765 882 802 936 et
832 859 1001 961 quaefitis
1028 857 1105 964 nnn
1132 858 1276 960 semper

134 967 138 982 “
234 962 417 1074 daqissrmt
438 963 622 1056 ,servatam
660 963 979 1038 animadvertimus
1015 965 1061 1038 ab
1083 962 1277 1062 scriptori·
1324 1030 1327 1043 .

237 1072 306 1144 bus
329 1071 429 1143 istius
458 1068 602 1161 aetatis,
633 1089 675 1141 ut
701 1067 850 1141 omnino
877 1091 954 1158 non
984 1068 1189 1144 accuratior
1212 1067 1273 1142 lex

64 1255 70 1264 ,
235 1171 430 1247 scribendi.
466 1169 543 1244 Sed
556 1175 698 1264 tim'en,
718 1190 759 1242 ut
778 1168 881 1270 snpra
896 1172 1045 1264 monui,
1076 1199 1103 1268 a¹
1118 1169 1272 1244 doetbre

161 1313 167 1331 ι
235 1275 274 1348 in
299 1275 520 1352 lectionibus
545 1275 669 1348 omnia
691 1273 739 1346 ad
757 1271 938 1382 daritiam
960 1273 998 1348 in
1021 1263 1206 1348 sententiis
1235 1293 1272 1350 et

27 1392 30 1400 ’
233 1380 274 1452 in
298 1375 494 1454 scribendo
520 1377 658 1451 debent
682 1377 787 1487 exigi.
851 1377 897 1451 Et
926 1405 1013 1454 vero
1040 1377 1150 1453 etiam
1181 1380 1271 1452 Pli-

234 1487 289 1555 nii
313 1481 400 1554 libri
431 1479 536 1555 valde
553 1476 636 1553 sunt
658 1481 775 1553 vitiati
789 1509 818 1554 a
841 1479 1020 1576 librariis,‘
1045 1501 1101 1574 et,
1126 1501 1169 1554 ut
1192 1481 1271 1580 opi·

86 1655 88 1665 .
232 1599 323 1680 nor,
355 1585 464 1658 etiarn
491 1582 768 1670 Grammaticis:
798 1583 957 1682 denique
987 1609 1064 1656 nnn
1091 1583 1271 1656 habemus

104 1691 116 1703 ’
230 1687 347 1762 libros
377 1686 531 1786 scriptos
568 1683 657 1762 satie
688 1683 857 1785 antiquos
888 1708 950 1760 aut
981 1687 1112 1761 bonos.
1169 1685 1292 1760 Nam*

229 1787 494 1892 antiquiffimus
536 1791 731 1876 Schwarzii
768 1808 899 1889 quarto
938 1787 1087 1864 demum
1133 1787 1268 1862 abhinc

114 1885 117 1896 ¹
229 1892 355 1969 seculo
376 1892 530 1992 scriptus
554 1891 769 1992 putabatur3
803 1919 935 1991 nempe
959 1893 1004 1968 iis
1026 1892 1267 1992 temporibus,

133 2040 137 2052 ι
231 1999 365 2098 quibus
387 1995 612 2096 incipiebant
636 1995 764 2095 quaeri
783 1993 870 2070 libri
899 2015 1037 2070 veteres
1061 1995 1102 2068 in
1125 1994 1267 2094 angulis

226 2100 536 2175 bibliothecarnm
565 2099 854 2172 monasticarum.
916 2095 993 2172 Sed
1020 2125 1114 2199 quae
1148 2095 1194 2177 de
1222 2097 1266 2170 li·

227 2205 303 2276 bris
329 2205 444 2276 Plinii
468 2220 503 2278 et
526 2199 749 2276 editionibus
775 2201 897 2277 dicere
925 2199 1064 2296 habeo,
1080 2200 1262 2276 'differam

100 2365 106 2387 ,
227 2304 275 2379 ad
302 2305 467 2381 Fabricii
494 2303 765 2378 bibliothecam
790 2303 958 2378 Latinam
983 2305 1136 2380 anobis
1161 2301 1262 2379 casti·
1422 2353 1426 2392 ὲ

126 2421 151 2466 Ι“’
192 2409 382 2508 rgandam
407 2431 444 2484 et
466 2403 772 2510 locupletandam.
826 2406 945 2482 Sorih.
967 2407 1052 2482 Kal.
1077 2405 1198 2484 Maiis.
1422 2469 1426 2504 r
