2874 4952
770 213 788 258 'i

422 327 890 381 natenxxvtrt.
989 363 993 372 .
1124 303 1195 383 481

153 519 190 572 et
209 497 334 596 quales
357 523 377 568 a
396 517 432 568 te
459 497 595 604 uenire,
611 493 831 598 praesertim
846 477 1075 588 defideratar»,
1096 521 1203 595 opor.

152 601 271 690 tebet:
300 628 457 700 quarum
486 629 559 672 una
586 599 745 698 iniungis
777 598 875 676 mihi
902 597 1201 672 iucundillimtttn
1302 655 1312 668 ,

151 703 409 798 ministerium,
438 725 480 776 ut
514 701 560 776 ad
583 703 786 798 Plotinam,
817 699 1072 776 sanetillimam
1099 703 1202 776 lemi-
1310 736 1318 748 ·

107 883 110 889 ,
151 833 257 900 narn,
291 807 417 882 literae
451 827 534 880 tuae
558 807 806 904 perferantur:
841 807 1082 904 perferentui.
1114 805 1231 878 ,Ea-2

152 907 239 982 dem
274 908 512 986 commendas
551 909 740 1008 Popilium
786 907 1042 983 Artemilium:
1082 906 1202 980 statiin

152 1013 332 1111 praestiti,
360 1013 462 1112 quod
491 1013 646 1112 petebat.
707 1009 854 1086 Indicas
879 1012 1007 1105 etiam,
1027 1010 1203 1084 'modicas

154 1136 191 1189 te
213 1115 414 1208 vindemias
440 1115 636 1214 collegille,
687 1117 902 1190 Communis
925 1115 1016 1189 haec
1038 1114 1132 1186 anilii
1153 1135 1204 1188 te-

41 1317 43 1324 .
153 1247 258 1313 cum,
289 1248 512 1318 quamquam
543 1221 582 1290 in
614 1213 849 1292 diverfiffima'
879 1239 982 1318 parte
1012 1231 1210 1312 terrarum,¹

155 1323 303 1422 quercla
340 1323 399 1396 ess.
466 1324 592 1397 Altera
633 1321 790 1420 epistola,
818 1322 983 1410 nuntias,
1016 1321 1139 1394 tnulta'
1167 1335 1240 1418 ῑθόΙ

155 1439 260 1498 nunc'
280 1423 438 1520 dictare,
469 1451 567 1498 nuno
593 1423 771 1517 scribere,
807 1425 940 1524 quibus
961 1451 1029 1498 nos
1057 1425 1125 1496 tibi
1150 1450 1205 1497 re-

154 1527 371 1626 praesentes.
430 1529 592 1620 Gratias,
616 1528 705 1626 ago:
742 1553 887 1626 agerem
919 1529 1054 1626 tnagis,
1089 1525 1117 1598 li
1145 1553 1205 1600 me
1244 1519 1249 1540 ’

155 1631 218 1704 illa
241 1632 338 1730 ipsa,
363 1660 455 1733 quae
480 1631 608 1706 scribis
636 1653 697 1704 aut
720 1628 853 1725 dietas,
878 1631 998 1728 legere
1024 1629 1203 1704 voluilles.
1251 1633 1254 1638 ’

156 1733 205 1808 Ει
232 1756 312 1825 erat
340 1764 518 1836 aequum,
555 1756 596 1807 ut
628 1755 663 1808 te
691 1761 790 1828 mea,
825 1733 876 1810 ita
903 1761 962 1806 me
989 1753 1051 1805 tua
1072 1731 1205 1830 scripto

155 1839 397 1935 cognoscere,
430 1837 569 1912 etiamsi
596 1835 643 1910 ad
672 1837 804 1930 alium,
838 1863 949 1938 quam
969 1835 1018 1908 ad
1042 1862 1101 1908 me
1125 1862 1205 1932 per-

157 1933 340 2015 tinerentf
381 1941 571 2014 Polliceris
598 1941 636 2012 iu
660 1942 753 2032 fine,
771 1949 895 2038 'quum
918 1939 1052 2013 certhrs
1080 1935 1125 2010 d'e
1154 1938 1238 2022 tri-lt

159 2037 217 2118 tae
243 2045 384 2118 nollrae
413 2043 645 2133 ordinatione
667 2041 812 2141 aliquid
838 2040 1016 2136 audieris,
1042 2042 1208 2114 futurum

159 2167 196 2220 te
220 2143 416 2245 fugitivum
442 2148 495 2220 rei
514 2140 943 2246 santiliarie‚,statintque
964 2144 1012 2217 ad
1038 2171 1104 2217 nos
1125 2170 1210 2217 evo·

157 2249 336 2344 latururn,
372 2248 436 2350 qui
465 2250 539 2320 iarn
566 2249 635 2346 tibi
661 2247 859 2346 compedes
889 2249 1087 2342 nectimus,
1118 2274 1207 2346 quas

93 2389 95 2396 ,
158 2348 385 2453 perfringere
420 2353 523 2425 nullo
557 2350 671 2424 modo
710 2349 832 2449 pollis.
893 2351 1020 2425 Tertia
1060 2351 1243 2450 epistola5

160 2459 394 2549 continebat,
441 2454 510 2528 ell'e
552 2454 622 2540 tihi
643 2499 645 2504 ,
668 2452 850 2536 redditam
894 2455 1111 2531 orationem,
1138 2481 1207 2552 pro

163 2561 307 2652 Clario,
342 2585 496 2658 eamque
519 2555 632 2632 visam
658 2557 886 2651 uberiorem,
926 2585 1036 2657 quam
1064 2555 1210 2630 dicente

162 2690 242 2755 me,
269 2663 439 2735 audiente
456 2682 511 2756 te,
532 2661 654 2735 fuerit.
708 2661 770 2734 Est*
787 2662 957 2734 uberior:
981 2661 1209 2734 multa'enim
1294 2672 1311 2765 ’ί

161 2757 284 2864 postea
311 2765 454 2837 inserui.
510 2763 673 2856 Adiieis‚
702 2764 787 2836 alias
814 2785 850 2837 te
880 2759 1208 2848 literaseuriofius

159 2867 313 2966 scriptas
338 2866 484 2942 miliffe:
508 2857 553 2940 tin
578 2867 800 2964 acceperint,
825 2869 989 2966 quaeris:
1013 2895 1088 2940 non
1109 2893 1209 2938 nece·
1319 2909 1323 2922 .

163 2972 225 3070 pi,
251 2991 287 3042 et
299 2970 464 3069 accipere
480 2965 603 3068 gellio.
632 2968 794 3070 Proipde
813 2970 929 3068 prima
945 2997 1091 3075 quaque
1107 2995 1210 3042 oeca-

162 3074 262 3148 lione
279 3073 394 3164 mitte,
412 3069 583 3173 appofitis
600 3072 750 3172 quidem
763 3071 894 3161 usuris,
915 3100 1004 3171 quas
1020 3099 1088 3172 ego
1105 3075 1210 3171 (num

163 3177 308 3278 parcius
326 3175 518 3278 pollitnal)
533 3175 742 3250 eentelimas
762 3178 998 3274 computabo:
1052 3175 1157 3272 Vale,

201 3379 332 3440 xxvut.
356 3398 366 3431 t
385 3381 539 3442 Plotinam,
548 3378 675 3453 sanctis-
707 3365 764 3432 lant
780 3377 870 3451 aptita
888 3377 1079 3435 ultima‘huint
1099 3379 1216 3452 segmen-

117 3504 121 3513 ,
158 3447 264 3520 samam
281 3449 444 3518 feminam)
479 3451 540 3504 Hoc
560 3467 618 3503 enm
643 3450 675 3504 ti·
709 3449 832 3504 tirerbn.
872 3450 906 3502 G.

168 3517 350 3578 tulomactat,
373 3539 428 3572 non
448 3535 675 3590 tantumpropter
708 3563 711 3570 .
743 3527 826 3590 tiqui
845 3515 1020 3572 iamtr'bi-
1036 3517 1138 3589 poffis)
1165 3519 1215 3572 His

167 3589 307 3658 eugelium
324 3590 477 3660 coniugium
492 3586 676 3652 Traiani;l'ed
709 3589 794 3642 verbis
823 3589 974 3640 continetur
1004 3585 1153 3659 responsum
1179 3588 1216 3642 ed

166 3674 276 3780 propter
303 3677 404 3720 mores,
426 3677 496 3780 puori
514 3661 612 3730 Paneg.
633 3667 675 3721 83,
710 3676 813 3740 partem
838 3655 963 3726 epistolae
982 3655 1096 3726 Virginii
1115 3659 1217 3712 Roma·

167 3739 195 3794 5.
227 3747 252 3798 q.
270 3727 352 3795 etiarn
380 3727 425 3783 latr
446 3744 483 3783 at.
521 3729 557 3783 G.
711 3747 749 3780 nt.
785 3727 927 3798 scripserat
946 3724 1006 3785 ille,
1026 3726 1063 3794 se
1089 3730 1216 3780 evolatu·

282 3853 284 3862 ,
712 3815 773 3850 rum
794 3794 829 3848 ad
854 3797 977 3849 Plinium.
1021 3796 1085 3858 llic,
1113 3797 1139 3849 le
1163 3799 1217 3850 iam

188 3865 293 3926 .3,tr'bi
312 3866 513 3986 rra-progemes)
530 3865 597 3918 Non
615 3879 677 3918 tan·
708 3858 816 3918 'vitrcula
836 3867 861 3918 ei
882 3881 909 3918 et
930 3865 1079 3934 compedes
1096 3881 1215 3940 nectere,

169 3951 253 3994 tum..
278 3935 390 3986 nobiscu
452 3951 578 4008 tanquam
617 3953 679 3987 cum
710 3935 741 3988 h.
762 3953 786 3988 e.
820 3935 970 4006 precogitare
998 3935 1213 3997 variar‘cattllaa.

171 4003 350 4076 praesenribus
378 4021 455 4074 ages,
484 4005 554 4058 inter
571 4003 680 4058 [luden-
712 4003 806 4066 leriae,
839 4003 957 4065 incolae,
978 4003 1144 4075 voluptates,
1170 4025 1218 4058 ne-

170 4073 252 4134 dum,
270 4073 435 4126 recitandam
458 4073 491 4126 de
509 4075 586 4128 nobit
606 4074 679 4146 eogi-
713 4076 799 4146 gotia,
828 4073 924 4142 quibua
955 4071 1007 4125 hos
1024 4075 1089 4128 item
1111 4075 1147 4128 ita
1173 4093 1217 4128 ca·

171 4160 229 4198 tea:
251 4141 296 4195 sed
314 4143 427 4194 maxime
446 4143 478 4195 de
493 4145 570 4198 nobis
584 4143 622 4197 rel
642 4141 677 4196 ad
712 4162 771 4202 rnna
800 4161 879 4212 qnam
914 4141 980 4197 dieti
1015 4161 1064 4202 ate,
1089 4131 1160 4216 apul
1192 4141 1222 4200 le.

171 4231 222 4266 noa
246 4209 347 4284 eliqttirl
368 4210 478 4273 scribas.
506 4231 583 4285 atque
602 4231 678 4284 prae·
698 4213 832 4267 *retineae
872 4213 907 4265 G.
1116 4251 1122 4258 -

171 4281 272 4335 lentem
297 4279 365 4334 odeo
385 4281 474 4334 animo
494 4300 588 4342 tenet
608 4284 679 4354 cogi·
746 4279 936 4348 §cericesmros
950 4282 1130 4352 computabo)
1151 4280 1219 4334 Usu·

174 4349 270 4407 tationi
292 4369 335 4406 me
359 4349 467 4410 hebeat.
507 4354 568 4408 Hoc
586 4351 678 4424 politt-
712 4369 757 4406 m
776 4353 922 4416 maximae,
943 4371 1011 4408 unua
1025 4351 1059 4406 da
1072 4367 1178 4426 centurn
1192 4353 1218 4404 in

770 4439 882 4514 1111·
