2846 4958
244 297 319 382 658
446 289 744 372 cantuar
793 319 1088 390 ruerunt
1199 365 1203 374 .

247 487 344 586 gulos
371 485 440 564 elle
459 513 535 560 non
556 482 703 586 pateris.
762 481 867 560 Bona
895 485 965 558 filii
998 507 1101 585 pater
1132 483 1209 561 fine
1245 483 1322 564 de-

245 591 452 666 minutione
478 588 676 689 poffideat,
710 615 778 662 nee
802 586 944 662 lotium
968 589 1182 664 hereditatis
1207 595 1321 665 acci-

244 693 341 794 piat,
374 696 438 794 qui
465 720 542 767 uon
575 694 686 768 habet
711 695 853 772 luctus:
906 719 1015 768 uerno
1047 716 1236 770 recentem
1275 719 1316 772 et

182 805 186 822 ¹
245 796 439 870 attonitam
462 799 659 872 orbitatem
685 795 731 870 ad
757 797 1072 903 eomputatiouem
1093 819 1213 892 vocet,
1243 827 1317 874 co·

217 916 380 998 agatque
394 923 546 1000 patrem,
570 899 661 1000 quid
677 901 867 1000 reliquerit
882 901 993 988 iilius,
1010 899 1112 975 scire.
1166 903 1315 1000 Augeo
1401 955 1402 998 ,

245 1001 287 1076 P.
313 1007 354 1078 C.
380 1005 555 1104 principis
580 1030 730 1097 munus,
754 1033 870 1104 quum
891 1003 1060 1097 ollendo,
1085 1005 1312 1086 liberalitati

246 1107 324 1180 eius
347 1105 456 1182 inelle
482 1108 671 1180 rationem.
727 1107 895 1180 Ambitio
918 1108 1016 1180 euim
1047 1129 1083 1182 et
1113 1109 1309 1204 iactantia,

247 1230 285 1283 et
310 1209 452 1304 effufi0,
479 1231 515 1284 et
542 1209 687 1310 quidvis
716 1213 855 1310 potius,
887 1239 996 1310 quarn
1015 1212 1215 1286 liberalitas
1244 1241 1311 1287 ex-

218 1311 437 1392 sistimanda
460 1315 528 1407 est,
552 1315 612 1386 cui
632 1311 728 1388 'ratio
751 1342 825 1388 non
851 1315 1000 1386 eonllat.
1052 1317 1217 1413 Dignum
1245 1345 1308 1390 er-

247 1443 313 1516 go,
342 1412 565 1515 Imperator,
596 1415 872 1491 mausuetudine
896 1439 977 1509 toa,
1009 1418 1173 1492 minuere
1201 1422 1309 1494 orbi·

247 1521 331 1592 tatis
351 1519 519 1615 iniurias,
548 1547 614 1594 uec
633 1523 707 1618 pati
725 1549 960 1620 quemquam,
986 1520 1068 1593 lilio·
1080 1521 1218 1616 amilio,
1247 1525 1307 1596 iu·
1402 1589 1403 1608 ,

245 1619 355 1721 super
375 1624 470 1698 affici
503 1623 574 1697 alio
601 1622 740 1698 dolore.
795 1623 857 1697 sic
886 1649 1034 1722 quoque
1060 1625 1207 1700 abunde
1233 1629 1307 1700 mi-

244 1722 325 1804 sera
351 1753 406 1800 res
431 1727 498 1820 eli,
527 1749 627 1824 pater
650 1729 728 1800 irlio
756 1725 853 1800 solus
876 1727 1000 1800 heres:
1025 1727 1164 1826 quidsi
1186 1731 1304 1806 cohe·

131 1851 136 1860 “
222 1824 376 1905 tradem
402 1857 477 1902 uon
505 1859 524 1903 a
551 1829 628 1902 filio
651 1829 834 1928 accipiat?
887 1829 1009 1920 Adde,
1038 1831 1151 1928 quod,
1179 1861 1303 1930 quum
1403 1867 1404 1934 i

195 1943 198 1952 ’
251 1931 357 2006 divus
385 1933 504 2008 Nerva
531 1931 712 2026 sanxiss'et‚
739 1955 780 2004 ut
805 1934 844 2004 in
869 1935 1027 2032 paternis
1054 1935 1160 2006 bonis
1187 1937 1301 2010 liberi

249 2035 456 2112 necellitate
479 2036 681 2113 Vicelimae
706 2035 948 2130 solverentur,
981 2031 1185 2134 congruens
1208 2061 1301 2136 erat,

249 2139 404 2214 eandem
422 2142 689 2216 immunitatem
714 2164 879 2240 parentes
904 2139 941 2214 in
964 2141 1165 2212 liberorum
1188 2144 1300 2217 bonis
1403 2147 1404 2160 ³

219 2246 428 2347 zobtiuere.
482 2249 556 2320 Ciu·
573 2247 671 2342 euim
688 2244 838 2346 posteris
854 2245 1009 2342 amplior
1024 2233 1158 2337 hebor,
1186 2273 1302 2344 qnam

248 2349 451 2422 maioribus
487 2349 712 2422 haberetur?
764 2375 873 2422 curve
909 2375 983 2420 non
1016 2367 1113 2421 retro
1146 2377 1300 2448 quoque

171 2467 178 2476 '
248 2471 452 2526 recurreret
477 2454 639 2552 aequitas
667 2450 821 2526 eadem?
873 2449 934 2524 Tu
959 2449 1129 2550 quidem,
1155 2454 1299 2548 Caesar,

247 2553 349 2626 illam
388 2556 641 2652 exceptionem
681 2554 884 2648 removisti,
915 2559 957 2647 st
989 2561 1097 2626 modo
1115 2559 1221 2649 filiun
1260 2563 1300 2629 in

239 2661 420 2758 potestate
438 2663 562 2754 patrie
574 2661 721 2756 suiffet:
771 2659 942 2750 intuitus,
965 2660 1115 2756 opinor,
1147 2660 1223 2734 vim
1249 2661 1300 2734 le-

248 2787 404 2860 gemque
419 2782 590 2854 naturae,
615 2789 708 2863 quae
723 2759 924 2860 semper'in
946 2760 1086 2834 ditione
1104 2786 1299 2860 pareutum

250 2861 318 2938 elle
343 2865 481 2939 liberos
507 2865 620 2962 iullit,
637 2893 734 2962 uec,
760 2865 815 2944 uti
836 2865 933 2940 iuter
954 2864 1135 2964 pecudes,
1165 2863 1216 2940 fic
1243 2869 1297 2941 iu-

247 3118 372 3188 parentet
389 3123 446 3162 non
463 3099 568 3178 pateris.
611 3101 665 3164 Sed
686 3104 754 3162 illud
788 3099 904 3177 attaest
924 3102 1012 3168 ratio,
1042 3125 1103 3160 curn
1121 3103 1151 3160 fit
1174 3107 1296 3170 confilio.

246 3173 432 3244 indignitatem
455 3197 496 3230 rna
517 3181 536 3232 ia
556 3193 651 3232 moret.
698 3181 754 3232 lla·
788 3193 814 3230 et
833 3173 943 3230 bonella
971 3195 1002 3230 ex
1022 3175 1122 3236 catilla.
1148 3179 1191 3229 cni
1212 3194 1296 3231 tenra-

247 3243 293 3298 bet
308 3247 360 3298 hoc
373 3248 481 3301 Latinae
498 3199 598 3310 latmo,
621 3247 695 3322 quod
710 3249 754 3302 hie
787 3248 850 3302 ritae
864 3247 1024 3326 opponitur,
1051 3264 1080 3298 ut
1096 3248 1122 3298 iu
1140 3249 1296 3312 ambitiolit¹

246 3313 399 3384 praesertim
419 3335 544 3388 apparet,
574 3333 603 3372 ut
621 3317 753 3391 ponendis
789 3316 920 3390 prodigo,
941 3317 1118 3370 iteratoribus.
1156 3317 1190 3369 E·

248 3385 399 3438 abstractis
417 3383 457 3439 tel
476 3388 621 3440 adiunctis
630 3387 692 3440 loco
708 3409 753 3442 eo·
822 3387 838 3439 5
856 3383 1024 3440 coheredem
1037 3385 1216 3456 nortafilt'o)
1240 3386 1294 3442 scit.

247 3471 321 3514 ram,
345 3459 753 3526 quaeeon'eretavocantur,ea
788 3453 962 3526 adscriptum.
992 3455 1036 3508 led
1067 3457 1208 3526 iniquitate
1229 3457 1293 3529 legia

246 3539 322 3595 parta
351 3543 391 3578 rea
421 3525 539 3580 obrertat
565 3528 669 3588 animo,
700 3547 753 3600 qua
788 3525 924 3586 additum,
951 3525 1138 3598 publicanum,
1165 3527 1295 3594 quirice-

245 3595 361 3647 maxima
387 3595 420 3646 ad
443 3613 503 3646 eum
530 3597 753 3649 eorumovendum
787 3595 878 3647 limam
902 3595 1002 3666 exigat,
1033 3611 1059 3657 et
1086 3597 1113 3647 in
1140 3593 1293 3650 societatem

244 3665 342 3728 ¹valeat.
378 3664 439 3716 Huc
460 3665 754 3738 pertinentlaorymae
787 3663 940 3718 hereditaria
959 3665 1054 3720 veniat.
1091 3663 1125 3716 E.

213 3785 218 3795 ,
244 3735 408 3802 vectlgolea,
426 3731 498 3786 orbr't
541 3737 753 3806 ottonumsolra
823 3749 928 3802 7ratro
946 3743 1161 3797 -reettrrerm
1198 3736 1290 3806 Inepta

245 3801 317 3878 qnid
337 3755 587 3875 reliquerttlltus.
627 3805 661 3858 0.
786 3805 893 3857 variatio
926 3801 1068 3859 sententiae
1096 3805 1288 3876 praecedentis!

786 3873 892 3927 Praeter
910 3873 1025 3943 aliquem
1046 3873 1129 3930 lusum
1142 3873 1288 3938 verborum.

787 3961 813 3996 et
831 3959 942 3995 acumen
968 3944 1102 4004 variandi,
1130 3945 1196 3996 niltil
1227 3961 1289 4005 erat,

787 4014 858 4090 quod
882 4013 934 4065 vim
960 4031 1006 4068 aut
1030 4017 1154 4068 virtutem
1181 4011 1291 4070 adderet

786 4083 938 4135 laurentiae.
975 4085 1008 4136 E.

819 4151 885 4204 Nou
896 4152 932 4204 eli
942 4154 1049 4210 variatio
1064 4149 1207 4206 sententiae
1221 4153 1289 4220 ptio-

203 4209 213 4222 “
280 4221 362 4282 4ουί
381 4221 454 4268 ratio
476 4215 677 4286 noneortflat)
705 4237 752 4272 eu·
784 4219 827 4280 ria.
849 4221 1176 4294 uedumineptavariatio.
1215 4224 1288 4294 Quid

246 4279 289 4335 ina
316 4283 456 4337 liberalitas
488 4303 543 4337 non
577 4305 608 4338 ex
635 4287 751 4342 honesti·
785 4287 876 4342 enim?
903 4295 1104 4365 numaequitaa
1123 4291 1194 4352 idern
1215 4291 1288 4368 quod

244 4350 658 4426 iuliitquocaullitproficiscitur.
680 4359 752 4412 Huic
784 4357 891 4416 bonor?
927 4361 963 4414 S:

282 3910 332 3972 qut
356 3903 522 3957 nonhabet
544 3908 654 3978 tuctur)
690 3908 754 3962 Gie-

236 3969 326 4042 'aigina
341 3990 371 4024 ex
387 3973 517 4040 'probabili
534 3977 647 4030 virorum
661 3977 753 4034 docto·

247 4059 306 4092 rum
337 4043 488 4097 coniectura
518 4063 598 4114 prtem
623 4067 651 4100 n.
682 4049 709 4101 lt.
731 4051 751 4102 Ι.

246 4107 371 4164 Probavit
392 4113 455 4178 itata
474 4113 495 4165 1.
510 4117 540 4166 Α.
554 4115 697 4170 Ernelliua.
723 4121 750 4171 S.
