2904 4946
453 356 476 404 u
502 355 522 404 1¹
551 341 608 404 1's
633 357 669 404 a.
716 351 807 402 ιιι.
853 354 926 406 xx·
1139 339 1212 431 457

157 522 285 598 seram.
347 517 409 596 Est
440 540 562 594 autem
592 518 686 594 mihi
711 518 836 608 moris,
880 517 1081 618 quodsum
1108 520 1246 598 datu-2

159 653 220 698 rus
256 623 293 696 in
327 649 454 696 manus
489 623 702 718 homiuum,
728 644 810 699 ante
840 624 1042 698 amicorum
1068 626 1209 704 iudicio

97 717 107 728 ’
159 727 386 815 examinare,
413 726 451 800 in
483 727 608 826 primis
642 750 718 802 tuo.
781 727 962 822 Proinde,
995 729 1209 831 fiquaudo,

158 859 257 906 nuno
284 829 432 904 intende
459 828 577 926 libro,
607 860 718 934 quem
736 860 820 904 eum
844 831 912 906 hao
942 833 1091 932 epistola
1116 837 1210 910 acci·

157 935 261 1036 pies:
291 935 376 1036 quia
400 961 549 1028 vereor,
578 963 623 1012 oe
648 934 745 1038 ipse,
769 956 810 1010 ut
836 935 963 1030 tristis,
1002 967 1131 1040 parum
1155 939 1208 1013 iu·

145 1036 353 1127 ‚render-im.
415 1039 599 1138 Imperare
631 1042 728 1114 enim
755 1033 897 1148 dolori,
928 1061 969 1114 ut
1000 1039 1209 1138 scriberem,
1286 1113 1301 1138 ,

158 1141 285 1244 potui,
308 1163 488 1216 utraeuo
514 1146 635 1218 animo
658 1147 849 1246 laetoque,
870 1170 944 1216 nou
972 1147 1088 1242 potui.
1121 1147 1208 1220 l’or-
1280 1207 1283 1214 ,

146 1273 222 1339 ao,
249 1266 292 1318 ut
326 1272 369 1320 ex
407 1244 533 1322 studiis
564 1247 761 1350 gaudium,
790 1246 839 1322 fio
876 1247 994 1324 studia
1023 1249 1207 1328 hilaritate

157 1347 392 1452 proveniunt.
443 1345 559 1426 Vale,

643 1633 725 1723 iix.

354 1855 357 1869 ,
430 1797 592 1861 Miranda
612 1801 706 1862 Iactis
728 1797 939 1866 Vadimonis.

229 1978 260 2026 c.
313 1977 608 2030 rn1n1vs
662 1979 883 2054 nanno
936 1977 1051 2026 svo
1102 1979 1151 2035 ι,

157 2087 229 2191 Ad
254 2147 346 2220 quae
369 2118 551 2196 noscendo
574 2120 644 2194 iter
656 2118 819 2216 ingredi,
844 2119 1087 2201 transmittere
1108 2143 1212 2193 maro

155 2223 335 2317 solemus,
360 2249 401 2298 ea
423 2223 490 2297 sub
514 2225 629 2298 oculis
649 2222 764 2321 polita
786 2223 1022 2322 raegligiaius:
1045 2219 1107 2295 seu
1121 2223 1210 2322 quia

157 2329 208 2400 ita
231 2347 358 2400 natura
383 2347 656 2426 comparatum,
682 2346 723 2398 ut
746 2325 1000 2424 proximorum
1022 2323 1208 2420 incuriosi,

138 2431 362 2532 'longinqua'¹
394 2429 594 2504 sectemur:
632 2428 696 2504 seu
738 2429 840 2528 quod
878 2430 1044 2504 omnium
1084 2455 1209 2504 rerum

157 2531 298 2633 cupido
329 2531 547 2632 languescit,
580 2562 694 2634 quum
724 2533 841 2607 facilis
873 2531 1014 2608 occasao
1044 2533 1111 2611 est:
1145 2531 1209 2605 seu

44 2729 52 2734 .
158 2635 261 2739 quod
280 2635 482 2712 differimus
502 2659 677 2738 tanquam
698 2635 803 2736 saepe
827 2633 958 2727 visuri,
977 2637 1080 2737 ‹puod
1102 2635 1210 2732 datur·

158 2737 303 2834 videre,
342 2742 487 2842 quoties
524 2741 614 2815 velis
652 2767 813 2842 cernere.
891 2745 1122 2841 Quacunque
1161 2738 1238 2812 dez

159 2843 295 2936 euulsa,
328 2846 509 2944 permulta
534 2842 572 2915 in
594 2845 686 2918 urbe
707 2845 847 2936 nostra,
869 2842 1040 2942 iuxtaque
1066 2843 1210 2937 urbem,

158 2973 235 3021 nou
259 2949 375 3022 oeulis
402 2947 537 3039 modo,
572 2945 636 3024 sed
666 2974 712 3020 ue
743 2948 903 3020 auribus.
927 2945 1077 3045 quidem
1109 2944 1212 3020 novi-

139 3063 259 3150 mus:
300 3049 457 3151 quaesi
492 3051 625 3124 tulisset
664 3051 823 3146 Achaia,
864 3049 1071 3148 Aegyptus,
1112 3045 1210 3142 Alia,

158 3153 273 3228 aliave
294 3154 480 3255 quaelibet
493 3155 760 3228 'miraculorum
783 3155 882 3227 ferax
903 3148 1210 3226 commendatrix-

158 3283 231 3358 que
264 3279 379 3351 terra,
413 3257 558 3346 audita,
599 3259 777 3356 perlecta,
805 3257 1024 3354 lustrataque
1056 3255 1210 3328 habere·

157 3387 251 3434 mus.
312 3359 394 3460 Ipse
420 3382 519 3434 certe
549 3387 685 3460 nuper,
723 3357 823 3460 quod
848 3383 915 3432 uec
940 3358 1127 3432 audieram
1148 3384 1241 3447 arn-5

160 3485 215 3560 te,
239 3491 307 3538 nee
331 3461 516 3559 videram,
545 3463 668 3554 audivi
684 3463 819 3561 pariter
840 3481 877 3535 et
889 3461 977 3538 vidi.
1030 3461 1210 3560 Exegerat

157 3567 331 3668 prosocer
357 3595 479 3662 meus,
510 3589 552 3640 ut
578 3567 755 3642 Amerina
787 3564 934 3666 praedia
964 3561 1026 3642 sua
1054 3565 1212 3664 inspice-

103 3680 106 3686 '
157 3699 247 3747 rem.
314 3671 415 3746 Ilaec
445 3670 713 3774 perambulanti
745 3669 838 3742 mihi
862 3667 1063 3744 ostenditur
1092 3667 1210 3741 subia-

157 3803 244 3850 cens
275 3775 394 3870 lacus,
429 3775 580 3850 nomine
613 3771 852 3872 Vadimonis,
891 3770 997 3846 limul
1027 3771 1209 3872 quaedam

134 3894 139 3902 .
632 3901 642 3936 q
955 3875 960 3904 l
1058 3875 1067 3884 ‘

191 3979 260 4043 XX,
286 3999 301 4032 a
326 3981 461 4046 Achaia)
482 4010 484 4018 ι
503 3981 587 4036 Senlu
609 3981 666 4034 Ro·
701 3987 746 4034 ria
770 3978 835 4034 urbe
860 3977 946 4041 dicta,
969 3995 1038 4050 quae
1063 3995 1135 4034 trans
1160 3979 1208 4032 Tr-
1238 4025 1242 4032 .

133 4069 298 4130 ,manorum
320 4048 399 4105 dicta.
419 4049 471 4106 viu.
487 4049 666 4124 instrepaa,
701 4050 784 4102 berim
811 4050 838 4102 iu
866 4062 983 4104 extrema
1007 4049 1115 4104 Umbria
1141 4047 1207 4109 suita

156 4141 182 4177 2.
220 4118 247 4172 S.
721 4138 781 4172 uam
808 4137 823 4170 a
857 4116 973 4188 castello
1004 4123 1142 4172 Araterr'no
1169 4117 1206 4170 cie

192 4189 384 4260 latratuque)
419 4187 494 4244 Bene
514 4188 620 4244 Cottius
635 4207 667 4243 ex
700 4140 797 4242 llumen
813 4187 840 4240 in
856 4187 974 4248 literaria,
994 4187 1061 4243 inter
1072 4185 1209 4242 conllucu·

155 4259 203 4315 Me
224 4261 280 4312 iceo
299 4258 429 4330 lustrata.
467 4260 506 4310 S..
700 4276 754 4314 tem
776 4249 853 4310 Naris
873 4257 1096 4324 etvFaleriosetc·
1136 4257 1170 4307 G.
1219 4269 1222 4276 ⁴

191 4331 372 4392 3Amasr'na
393 4327 533 4399 praedia)
570 4325 668 4382 Monet
741 4327 935 4390 Vadimonis)
979 4324 1205 4378 Pronuntiationit
1256 4369 1263 4380 .

155 4397 302 4460 Callatim,
322 4418 354 4452 ea
374 4415 431 4454 non
450 4414 504 4453 tam
530 4395 564 4450 ab
581 4399 667 4450 Ame·
700 4395 786 4453 carrll'a
799 4395 946 4453 notandum
958 4413 975 4448 a
987 4395 1099 4467 Polybio
1112 4411 1143 4454 a,
1162 4413 1204 4448 20.
