2912 5570
451 191 698 294 'renuerat
721 234 817 290 car.
850 238 907 292 rr.
936 237 1018 296 ιιι.
1052 294 1056 306 1
1164 215 1268 308 ·.587
1329 275 1334 284 .

470 371 475 394 a
884 331 898 374 ⁸
1226 377 1229 384 .
1274 375 1277 382 .

225 405 280 498 ri,
310 401 379 478 nist
397 401 556 498 iecerit,
574 401 877 506 comprecamur?
929 400 993 478 Ad
1016 429 1104 502 quas
1121 401 1187 484 ille
1207 431 1270 478 vo·

228 535 288 585 ces
311 508 479 607 lacrymis
510 507 693 588 etiamne
723 509 841 584 multo
867 504 1012 604 pudore
1036 505 1267 582 smfuntlitur.

226 610 407 708 Agnoscit
444 610 543 690 enim
589 609 798 712 sentitque,
839 608 931 705 fibi,
955 637 1053 698 ,non
1097 607 1269 709 principi,

232 711 318 788 dici.
393 749 400 766 ·
476 726 478 736 '
797 719 831 742 ““
1286 725 1288 732 ’

328 815 402 893 Hl.
456 815 572 914 Igitur
595 815 699 916 quod
723 807 1048 915 temperamentum
1077 841 1202 888 omnes
1230 804 1272 888 in
1371 817 1375 824 '

229 919 296 992 illo
318 917 440 1012 subito
465 919 608 1018 pietatis
632 921 752 1000 calore
777 918 1017 1012 servavimus,
1048 919 1121 994 boc
1143 915 1274 1016 fiaguli
1339 955 1341 963 '

156 1063 175 1119 ,¹
230 1048 381 1122 quoque
410 1019 652 1122 meditarique
683 1044 889 1119 teneamus,
918 1021 1167 1121 sciamusque,
1188 1019 1272 1116 nul-

227 1125 307 1198 lum
341 1125 410 1200 effe
438 1151 558 1225 neque
578 1125 769 1221 fincerius,
800 1149 922 1226 ireque
947 1127 1142 1225 acceptius.
1159 1149 1272 1221 genus

230 1229 448 1328 gratiarum,
481 1229 720 1341 quamnquod
742 1230 821 1305 ilias
852 1231 1129 1306 acclamationes
1150 1218 1293 1329 nemu,

226 1332 344 1426 letur,
371 1359 463 1432 quae
490 1333 654 1432 fingendi
674 1356 749 1406 nou
775 1333 914 1409 babent
933 1355 1088 1434 tempus.
1139 1331 1305 1428 ,Quen-a

230 1455 310 1507 tum
354 1433 401 1508 ad
434 1461 493 1508 me
526 1435 706 1534 pertinet,
750 1437 946 1530 laborabo,
987 1459 1027 1510 ut
1069 1434 1274 1528 orationem

226 1565 351 1614 meam
381 1536 429 1610 a'd
454 1539 669 1620 modestiam
700 1539 881 1640 Principis
909 1538 1275 1636 moderationemque

196 1709 199 1716 .
228 1638 459 1735 submittam,
493 1669 562 1719 nec
596 1641 717 1716 minue
751 1641 1012 1732 considerabo,
1047 1639 1142 1744 quid
1170 1666 1285 1714 aurea·

231 1748 308 1818 eius
335 1746 411 1843 pati
436 1743 590 1844 possint,
618 1767 728 1844 quam
750 1743 842 1844 quid
861 1745 1060 1820 virtutibus
1084 1744 1273 1820 debeatur.

229 1847 365 1945 Magna
397 1871 433 1926 et
466 1847 633 1948 inusitata
665 1847 845 1949 Principis
878 1851 1011 1949 gloria,
1052 1848 1123 1923 euiv
1143 1847 1301 1944 gratiano

161 1997 166 2018 0
229 1972 395 2045 acturus,
421 1973 596 2026 nontam
621 1975 769 2053 vereor,
787 1979 838 2040 ‚ne
863 1979 923 2026 me
948 1954 986 2028 in
1008 1950 1178 2040 laudibus
1202 1947 1275 2025 suis

229 2079 400 2152 paruum,
435 2083 545 2152 quam
574 2079 621 2128 ne
651 2054 808 2129 nimium
830 2075 945 2152 putet.
1004 2055 1189 2134 Haeeme
1214 2077 1304 2152 cul,

226 2185 290 2252 ra,
323 2155 414 2230 haec
435 2155 629 2230 difficultas
649 2153 725 2229 sola
751 2157 979 2230 circumstat:
1011 2183 1096 2246 nam
1121 2154 1277 2235 merenti
1302 2241 1308 2252 ,

231 2259 372 2356 gratias«
388 2265 513 2356 agere,
536 2258 644 2334 facile
666 2259 751 2352 est,¹
766 2257 891 2336 Patres
917 2256 1134 2359 Conscripti.
1189 2257 1279 2332 Non

230 2363 330 2436 enim
360 2361 566 2460 perictdum
591 2362 659 2456 eii,
686 2389 753 2458 ne,
787 2391 900 2462 quum
923 2364 1055 2463 loquar
1082 2359 1128 2436 de
1150 2361 1279 2456 huma·

229 2465 362 2560 nitate,
404 2463 616 2573 exprobrari
645 2462 714 2538 fibi
740 2464 949 2566 superbiam
983 2463 1128 2560 credatj,
1162 2489 1278 2564 quum

231 2565 278 2646 de
295 2569 521 2666 frugalitate,
546 2569 751 2663 luxuriam,
772 2597 887 2669 quum
902 2567 948 2650 de
963 2569 1176 2662 clementia,
1199 2593 1280 2640 cru·

233 2669 445 2763 delitatem3
470 2699 585 2771 quum
609 2667 655 2745 de
670 2673 908 2768 liberalitate,
933 2672 1140 2755 avaritiam:
1164 2697 1280 2769 quum

179 2789 184 2876 [
233 2772 281 2846 de
314 2773 556 2871 benignitate,
582 2773 759 2868 livorem,
795 2803 910 2878 quum
950 2773 996 2848 de
1040 2772 1278 2864 continentia,

157 2965 164 2974 .
230 2871 447 2972 libidinem,
480 2887 595 2976 quum
623 2875 669 2952 de
692 2879 842 2971 labore,
872 2877 1065 2970 inertiam}
1094 2903 1209 2976 quum
1233 2874 1279 2956 do

231 2976 469 3071 fortitudine,
502 2979 684 3054 timorem.
737 2981 795 3054 Ae
817 3005 862 3058 ne
885 2979 979 3054 illud
1005 2978 1157 3079 quidem
1181 3005 1282 3073 vere7
1288 3003 1312 3074 5
1377 3075 1379 3082 s

236 3107 298 3176 or,
333 3108 380 3155 ne
412 3091 537 3180 gratus'
560 3083 768 3184 ingratusve
795 3083 939 3186 videar,
967 3103 1080 3184 prout
1107 3079 1192 3154 satis
1218 3102 1281 3154 aut

233 3211 366 3284 parum
396 3183 535 3260 dixero.
599 3183 866 3268 Animaduerto
894 3182 1012 3274 enim,
1045 3187 1155 3260 etiam
1189 3181 1279 3269 deos
1372 3257 1374 3262 .

232 3279 353 3392 ipsos,
391 3315 467 3366 non
507 3311 582 3364 tam
612 3290 789 3366 accuratis
826 3286 1057 3366 adorantium
1093 3287 1279 3394 precibus,

235 3517 276 3560 rat
299 3504 383 3566 euim,
410 3501 526 3556 Plinium
551 3502 627 3577 ioqui
646 3503 679 3558 de
698 3505 740 3568 iit,
808 3504 861 3567 111,
887 3521 899 3556 r
921 3522 995 3576 quae
1005 3503 1141 3582 fingendi
1159 3532 1194 3546 -
1213 3521 1281 3560 tem·
1321 3537 1325 3556 .

176 3606 181 3616 1
236 3591 305 3654 qnae
320 3573 451 3626 Traianus
468 3570 533 3625 olim
547 3573 579 3627 iit
594 3571 741 3635 auditurus,
774 3583 844 3646 pur)
880 3589 948 3647 quite
980 3591 1035 3632 tuat
1060 3575 1187 3630 ,celeriter
1223 3593 1285 3644 pro·

216 3645 258 3696 'it
276 3641 372 3718 gitium
398 3641 585 3715 exspectationi
610 3641 742 3698 satitsece·
776 3659 919 3716 rumpunt,
948 3660 979 3699 ut
993 3661 1081 3698 verum
1098 3643 1285 3716 pectoririen·

237 3712 281 3764 rit.
318 3711 345 3764 S.
776 3713 834 3767 sum
849 3709 975 3777 esserunt,
994 3731 1050 3767 unu
1068 3713 1159 3767 fictum
1176 3713 1283 3766 exadu-

213 3825 222 3834 .
261 3777 461 3850 suffunditur)
495 3781 540 3836 De
559 3781 662 3852 pudore
678 3801 743 3854 pro·
777 3779 885 3836 latione.
920 3783 976 3836 E.·
1225 3805 1256 3820 ,.

235 3849 293 3922 prio
310 3847 421 3904 diciturr
446 3865 502 3904 nnn
523 3851 587 3907 item
609 3851 643 3906 de
663 3851 746 3924 ltcry·
813 3859 829 3912 3
849 3853 961 3922 Magna
981 3867 1008 3904 et
1031 3849 1166 3922 inusitata
1178 3853 1285 3904 Priuer·-

236 3919 297 3972 mit.
340 3919 386 3973 Sic
406 3930 495 3979 autom
514 3919 660 3994 saepiffitua
680 3923 746 3978 utri·
777 3927 823 3994 ptr
840 3921 954 3992 glorta)
988 3921 1190 3994 Epiphonemt,
1211 3921 1286 3974 cuiue

236 4005 322 4061 usque
357 3985 463 4068 linguae
494 3989 631 4065 scriptores
662 4007 762 4058 unum,
779 3987 866 4064 seusun
884 4005 938 4046 tam
980 4006 1050 4058 etet,
1073 4007 1103 4044 ut
1119 3987 1178 4053 satia
1198 3989 1286 4055 mirari

237 4058 361 4128 pluribus
388 4059 540 4113 norntnibut
558 4061 667 4116 terbum
687 4061 746 4113 iun·
779 4076 928 4130 nequeam,
970 4059 1103 4130 'ierigium
1137 4059 1181 4111 hic
1208 4060 1287 4118 iater-

238 4141 318 4246 gunt,
336 4119 412 4178 ruina
425 4123 579 4208 significatio
593 4147 646 4182 non
662 4129 748 4181 omni·
766 4127 914 4203 'prerando
930 4125 982 4181 irbi
998 4127 1119 4201 potuisse.
1155 4129 1183 4180 S.
1249 4131 1255 4144 “

260 4213 290 4248 ua
313 4193 365 4247 iiiia
388 4197 542 4254 nominibus
567 4200 602 4254 ad
627 4197 748 4257 amuffim
817 4205 1013 4262 succuram)
1048 4213 1110 4278 gum
1126 4213 1188 4250 eura
1207 4211 1290 4250 etar-

241 4265 374 4334 congruit·
416 4264 445 4320 ri·
562 4298 565 4308 ·
597 4321 601 4330 ,
710 4285 714 4306 ¹
753 4281 810 4324 ·ta
836 4265 951 4340 quadam
969 4268 1115 4340 concepti·¹
1134 4281 1161 4320 ot
1183 4266 1290 4320 toneia·
