2862 5794
252 239 304 362 iu
570 303 593 358 1.
629 261 666 355 ιζ
694 290 990 372 sartesr‘rr
1069 319 1073 334 ·

233 451 571 538 administrandae.
637 457 766 559 Itaque
797 457 905 531 etiam
945 460 1125 532 Verrium
1162 457 1304 562 saepius

252 567 384 652 ceteris
405 563 669 658 enarravimus,
699 560 779 662 ipso
809 560 967 652 semestri
995 556 1193 660 superiori,
1224 567 1305 664 qui.

147 657 150 673 ¹
234 653 322 746 'bus
358 667 521 768 legendis
556 689 632 740 tota
672 667 765 739 ratio
800 663 1065 741 iurisdictionis
1103 665 1302 763 Romanae,

250 796 332 850 tum
356 775 537 866 urbanae,
563 791 642 844 tum
671 769 922 870 provincialis,
954 767 1138 842 sociorum
1156 775 1304 869 provin.

216 875 221 885 ’
252 878 496 976 cialiumque,
533 873 803 972 magistratuum
829 873 867 944 in
897 873 989 945 urbe
1023 893 1059 945 et
1085 874 1304 972 improvin.

251 981 339 1076 ciis,
369 980 506 1053 civium
537 979 625 1051 item
651 977 850 1076 utrobique
882 976 979 1066 iura,
1014 974 1187 1070 cognosci
1220 977 1302 1078 pos.

156 1099 162 1114 ⁴
251 1082 345 1158 suut.
398 1081 636 1180 Eandemque
674 1082 723 1166 ob
751 1078 905 1152 antissam
937 1078 1123 1150 interdum
1152 1083 1210 1154 vel
1236 1087 1302 1156 Ci-

251 1191 392 1261 ceronis
415 1185 516 1258 illam
548 1187 682 1258 claram
708 1185 963 1275 od'Quinsum
977 1183 1147 1276 fratrem
1173 1186 1303 1290 epistt).

251 1293 345 1385 lam,
369 1286 415 1362 de
439 1285 656 1387 provinciali
679 1285 1009 1390 administratione,
1038 1285 1094 1359 vel
1120 1289 1302 1362 Pliniana.

171 1453 174 1462 ,
238 1379 335 1468 'rum
358 1394 494 1466 librum
528 1390 714 1464 decimum
747 1389 947 1488 explicavi,
983 1389 1183 1488 iu'quiltus
1206 1397 1300 1466 ratio

249 1495 523 1596 provinciarum
565 1491 632 1566 sub
671 1491 884 1567 Caesaribus
934 1491 1301 1570 administrandarum

144 1651 146 1654 -
193 1665 199 1678 ,
252 1600 378 1674 multis
400 1619 437 1672 et
457 1589 658 1698 perspicuis
682 1594 837 1692 vestigiis
866 1597 1113 1712 exemplisque
1142 1603 1301 1698 oxprclla

253 1698 323 1796 est,
360 1723 401 1774 ut
431 1699 638 1774 alludiolis
660 1693 1081 1797 utriusque'discrrmina
1104 1701 1301 1797 coguosce-
1386 1754 1390 1772 .

253 1827 398 1880 rentur:
422 1831 514 1902 quae
541 1829 597 1875 res
620 1801 788 1900 inprimis
814 1799 1007 1873 necessaria
1032 1802 1100 1895 est,
1123 1831 1197 1876 nou
1223 1833 1299 1880 mo.

254 1907 304 1982 do
330 1909 420 1982 iuris
442 1905 625 1998 studiosis,
654 1904 717 1978 sed
739 1901 847 1978 etiam
870 1905 1137 2002 interpretibus·
1153 1935 1299 2004 graeco.

252 2040 336 2085 rum
368 2010 468 2083 Novi
496 2009 718 2082 Testamenti
746 2007 948 2102 librorum,
985 2035 1050 2081 nec
1084 2010 1204 2082 minus
1243 2013 1299 2109 iis,

252 2115 319 2214 qui
346 2109 537 2187 historiam
572 2133 731 2185 veterem
759 2109 939 2186 Ecclesiae
965 2133 1132 2186 accurate
1162 2141 1300 2214 cogno-

251 2215 352 2290 scere
378 2217 545 2316 cupiunt.
605 2216 730 2316 Atque
758 2241 799 2287 ea
834 2242 889 2288 res
922 2213 1077 2314 primam
1106 2217 1202 2290 hauc
1222 2220 1297 2292 vim

251 2319 401 2414 habuit,
434 2339 476 2391 nt
499 2317 732 2393 allicerentur
758 2317 872 2414 magis
897 2316 1045 2391 iuvenes
1070 2317 1119 2392 ad
1144 2321 1223 2394 illas
1246 2325 1297 2398 le-

97 2425 100 2434 '
196 2465 212 2490 0
251 2421 394 2496 ctioues
417 2419 636 2514 audiendas,
660 2417 867 2522 praesertim
894 2447 1007 2495 exeo
1027 2449 1204 2518 numero,
1231 2427 1297 2525 qui

249 2524 291 2598 in
308 2525 389 2598 aliis
411 2522 621 2598 Academiis
642 2523 704 2597 illa
726 2521 949 2615 contemnit,
972 2525 1075 2624 quod
1101 2528 1295 2604 audiendis

248 2627 449 2702 latinorum
473 2624 693 2726 scriptorum
723 2627 984 2726 interpretibus
1008 2627 1102 2702 nihil
1132 2631 1167 2704 se
1194 2659 1297 2730 prae-

241 2746 307 2804 'ter
328 2730 505 2806 formulas
531 2732 728 2804 verborum
749 2730 896 2822 latinas,
922 2751 983 2802 aut
1009 2729 1202 2806 sententias
1221 2737 1296 2810 tel.

249 2833 304 2908 las
334 2831 472 2908 discere
505 2834 604 2933 polle
635 2855 758 2932 putat,
790 2861 945 2932 quarum
978 2832 1045 2906 srlri
1078 2859 1140 2909 aut
1173 2839 1295 2914 nullus

249 2957 315 3010 aut
342 2963 474 3036 parvus
498 2936 582 3012 usus
605 2938 748 3010 futurus
779 2936 841 3031 stt,
873 2963 1033 3036 eamque
1057 2941 1106 3012 ob
1139 2943 1295 3018 caussam

248 3038 295 3112 iis
320 3041 493 3140 relinquit
516 3033 692 3114 lectiones
716 3042 754 3112 in
778 3039 971 3138 scriptores
989 3062 1125 3118 veteres
1149 3045 1296 3140 latinos,
1401 3063 1405 3081 '

248 3143 314 3242 qui
333 3141 541 3220 scholarum
560 3143 753 3217 latinarum
776 3143 934 3242 magillri
947 3147 1060 3218 futuri
1082 3147 1161 3220 sint.
1214 3147 1296 3230 Nee
1420 3149 1421 3168 ¹

155 3301 157 3306 .
210 3323 215 3334 ,
246 3244 353 3319 illum
376 3275 530 3345 parvum
550 3249 710 3320 fructum
733 3245 957 3341 iudicamus,
983 3247 1086 3348 quod
1111 3249 1210 3352 apud
1228 3281 1295 3330 nos

247 3347 391 3449 semper
415 3351 564 3422 suerunt
588 3351 730 3450 plures,
755 3336 830 3450 qus
846 3351 934 3422 iuris
957 3377 1058 3447 earn,
1084 3383 1193 3454 quam
1222 3356 1294 3430 ele·

248 3453 452 3548 gautiorem
488 3452 598 3554 vulgo
631 3476 782 3548 vocant,
818 3451 1007 3528 scientiam
1037 3479 1219 3550 amarent,
1257 3479 1294 3532 et

248 3575 431 3648 reuerent,
470 3584 539 3630 nec
569 3555 703 3651 modo,
734 3579 775 3630 ut
799 3557 885 3631 alibi
918 3559 979 3652 fit,
1011 3561 1082 3634 fori
1113 3559 1216 3634 usum
1252 3561 1292 3635 in

247 3653 424 3732 dil'cendo
447 3663 526 3734 iure
552 3657 800 3761 sequerentur.
860 3659 956 3752 sed,
988 3681 1028 3734 ut
1055 3659 1103 3734 ad
1130 3663 1291 3740 instituta

245 3759 367 3832 nostra
393 3761 603 3858 redeamus,
638 3765 675 3836 in
703 3785 804 3866 parte
830 3763 929 3836 illins
958 3762 1058 3862 quali
1084 3767 1184 3838 orbis
1212 3795 1292 3842 ora.

246 3863 334 3934 torii
361 3891 421 3956 ea,
454 3893 546 3964 quae
580 3867 696 3966 prima
729 3896 748 3940 a
779 3866 886 3940 nobis
918 3891 1203 3942 commemorata
1228 3873 1291 3965 est,

243 3961 302 4037 Iris
324 3963 531 4042 Pliniauum
553 3969 814 4069 Panegyricum
839 3967 1115 4068 proposuimus,
1143 3995 1221 4046 tum
1247 4004 1290 4050 ea

244 4065 292 4136 de
321 4069 456 4138 caussa.
488 4094 531 4140 ιιι
554 4093 629 4142 tota
655 4073 746 4144 ratio
771 4073 961 4144 imucrii'a
986 4075 1198 4144 Cael'arilrns
1228 4073 1291 4144 ad.
