2896 4934
1224 205 1230 235 J
1315 209 1319 223 ι

191 245 296 342 '54
480 290 511 340 c.
566 257 979 370 enrntt‘ntn.
1035 289 1061 336 t.

214 471 215 476 ’
250 473 390 550 terunt,
419 457 467 529 'ac
496 449 652 542 subinde
683 453 752 528 fibi
785 454 947 529 nuntiari
970 453 1118 547 iubent,
1154 455 1299 528 aniam

248 560 422 636 recitator
449 559 657 653 intraverit,
692 587 738 631 an
768 556 901 634 dixerit
934 559 1219 659 praefationem,
1253 583 1301 630 an
1357 623 1367 632 .

252 689 296 738 ert
330 689 461 762 magna
488 683 592 762 parte
622 663 800 738 evolt'rerit
830 663 988 740 librum:
1020 683 1104 771 ¹tum
1122 661 1301 753 demum,

248 793 296 840 'ae
333 787 422 840 tunc
457 790 607 866 quoque
646 767 745 840 lente
784 787 1090 865 cunctanterque,
1128 765 1299 838 veniunt:

145 863 149 872 ⁴
251 851 321 951 nite
349 890 471 944 tamen
497 891 732 968 permanent,
768 866 833 942 sed
864 890 947 944 ante
970 871 1083 942 finem
1111 867 1301 959 recedunt,

247 973 316 1063 ,alii
339 970 605 1062 disfimrtianter
625 994 662 1048 et
686 972 833 1065 furtim,
864 973 926 1048 alii
947 971 1159 1071 sempliciter
1185 991 1222 1044 et
1245 969 1299 1042 li-

217 1076 377 1159 bbere„
414 1075 466 1148 At
497 1075 647 1152 hercule
673 1075 852 1150 memoria
883 1098 1076 1176 parentum
1104 1073 1302 1148 Claudium

253 1175 445 1253 Caesarem
480 1177 620 1274 serunt,
666 1207 783 1279 quum
817 1178 856 1252 in
898 1178 1035 1278 palatio
1074 1177 1302 1276 spatiaretur,

223 1297 228 1309 “
254 1277 479 1381 audiffetqne
497 1282 716 1376 clamorem,
747 1279 906 1364 canffam
929 1279 1132 1381 requistil'e3
1160 1297 1301 1380 quum-

256 1409 329 1482 que
359 1381 500 1456 dictum
534 1384 638 1480 effet,
676 1385 828 1459 recitare
861 1384 1092 1478 Nonianum,
1135 1382 1300 1458 subitum

222 1485 422 1580 irecitanti
448 1485 753 1588 inopinatumque
786 1485 930 1561 veniss'e.
993 1485 1103 1560 Nune
1129 1485 1302 1560 otiostffi-

255 1614 338 1662 mna
364 1588 520 1690 quisque
550 1593 668 1665 multo
700 1612 783 1664 ante
812 1611 980 1689 rogetus,
1021 1611 1058 1664 et
1097 1588 1303 1663 identidem

256 1688 486 1786 admonitus,
519 1715 581 1767 nut
611 1719 687 1768 non
712 1695 831 1787 venit,
858 1715 940 1786 aut,
972 1690 1143 1785 fivenit,
1169 1693 1301 1790 queri-

256 1813 317 1864 tur
354 1789 392 1865 se
432 1791 551 1889 diem,
581 1799 668 1897 quia
707 1823 783 1870 non
820 1793 1048 1895 perdiderit,
1092 1794 1301 1896 perdidiil'e.

222 1891 337 1976 58εά
360 1915 463 1968 tanto
486 1899 601 1996 magis
616 1897 791 1972 laudandi
807 1897 1066 1998 probandique
1088 1899 1183 1990 iirnt,
1207 1925 1302 1999 quoe

259 2027 279 2071 a
312 1995 498 2072 scribendi
527 2001 780 2100 recitandique
810 2001 929 2074 studio
968 2001 1060 2076 haec
1090 2001 1303 2076 auditorum

226 2100 319 2175 ivel
346 2095 483 2176 desidia
508 2105 567 2177 vel
587 2101 760 2204 superbia
783 2129 860 2178 non
886 2102 1055 2185 retardat.
1117 2102 1302 2206 Equidem

257 2311 313 2368 tie
338 2325 368 2378 8,
393 2323 439 2376 18,
474 2333 513 2368 ιι.
536 2316 663 2388 fabulas
686 2320 763 2372 urbis
797 2318 858 2390 qnia
871 2315 948 2372 verba
961 2317 1012 2372 iint
1025 2335 1081 2371 nen
1099 2317 1173 2374 illiue
1186 2339 1303 2391 conque-

259 2333 333 2436 dieit.
372 2383 763 2455 vid.interpreteted1‘hee-
797 2387 1301 2458 rentie.i'edPiiniiiudicentie.Quen·
1331 2446 1333 2454 ,

258 2453 299 2510 dri
322 2451 383 2503 ian.
398 2453 419 2504 1.
441 2453 546 2524 Prolog-
574 2475 597 2514 v.
612 2473 635 2523 7.
657 2455 691 2510 ed
713 2459 762 2510 Pe-
797 2455 1304 2529 quemsttiaiepidneestl’linint.ut‚·

257 2537 327 2576 tren.
357 2539 387 2574 cn
409 2560 415 2572 .
435 2541 493 2575 ιιι.
528 2543 554 2596 p.
577 2526 636 2592 663.
662 2526 680 2578 i.
717 2527 761 2579 ed.
797 2544 850 2598 qno
869 2526 984 2598 ineptior
1004 2526 1110 2598 querele
1134 2527 1195 2588 fiet,
1223 2526 1301 2582 suurn

256 2593 349 2650 Betim.
384 2541 590 2646 benemereti.
612 2592 647 2647 ed
665 2594 720 2648 niv.
739 2615 761 2658 t,
795 2593 987 2649 indiciumiiiie
1002 2595 1157 2652 hominibus
1169 2597 1298 2654 tribuerit.

261 2677 309 2719 tt,
329 2669 353 2721 8.
390 2662 416 2713 S.
794 2663 903 2738 Nempe
916 2664 953 2718 iiii
966 2666 1153 2738 querebantur.
1187 2667 1299 2728 edt'ent,

291 2729 374 2782 Rom.
410 2742 573 2800 temptuque
607 2731 763 2786 audiendis
797 2743 868 2804 quia
899 2753 957 2788 non
984 2743 1015 2788 irt
1053 2743 1160 2791 tatiorti
1181 2757 1212 2790 us
1229 2737 1302 2809 sne·

180 2815 184 2826 ·
248 2798 368 2872 fabulis
393 2813 556 2864 conterunt,
590 2801 664 2873 quod
692 2801 766 2855 dete·
798 2813 870 2865 rint,
891 2801 1008 2870 perdidi
1034 2825 1058 2856 e.
1095 2807 1151 2858 lant
1172 2806 1302 2858 cumi'ii.

257 2865 377 2928 ritteeiie,
387 2859 523 2922 Getitertte
531 2867 653 2924 ostendit.
671 2871 764 2924 Penlio
797 2873 858 2926 nine
874 2871 1016 2932 indiceret.
1037 2873 1063 2926 in
1079 2871 1235 2928 stationibus
1250 2875 1301 2928 effe

257 2934 339 3012 poste
379 2951 447 2990 tune
483 2937 594 2991 demum
628 2959 664 2992 eo
696 2956 764 2997 tnnc
797 2939 869 2998 idem
892 2939 956 3004 effe,
984 2943 1059 3014 qnod
1086 2943 1155 2996 diem
1181 2944 1300 3017 perdere,

259 3023 381 3079 quoqne.
390 3007 427 3058 H.
446 3005 643 3062 Addetnridem
652 3009 720 3063 infre
729 3009 763 3064 ed
798 3009 953 3066 sententiam
971 3011 1045 3064 iiient
1065 3011 1152 3086 lepide
1168 3015 1205 3067 ita
1225 3031 1300 3066 extu·

243 3087 291 3140 ’5,
317 3087 350 3140 5,
383 3086 422 3142 ¹5·
461 3077 488 3130 S.
796 3079 843 3140 iit,
873 3081 947 3154 quali
973 3080 1011 3134 iiii
1040 3081 1088 3153 ipii
1114 3081 1242 3140 dixerint.
1261 3083 1299 3151 se

295 3145 436 3198 evolverit
462 3147 583 3212 libram)
624 3149 763 3202 Velamen
798 3151 888 3212 dit-nt,
942 3159 991 3202 uia
1022 3170 1081 3203 nort
1108 3153 1297 3221 perdiderint,

259 3212 434 3283 cogitantium
458 3213 497 3270 est
519 3217 660 3278 nimirum,
687 3217 764 3290 qued
796 3171 960 3292 perdididit.
1007 3219 1107 3292 Utique
1137 3223 1197 3275 taiie
1225 3224 1301 3291 lepor

257 3283 351 3352 incipit
371 3284 405 3336 ab
425 3303 458 3336 ee
486 3301 558 3356 perte
585 3285 762 3352 membranae,
797 3291 881 3361 tnagis
910 3288 1013 3350 lentini,
1040 3308 1122 3412 qpnnt
1142 3291 1226 3346 verbis
1252 3290 1300 3344 de·

258 3369 326 3432 qnee
356 3353 453 3404 extima
472 3355 525 3417 elit
561 3375 629 3427 qnee
647 3361 764 3412 evoluta
797 3359 889 3415 clareti
909 3356 1003 3428 poteii.
1076 3379 1109 3412 oc
1128 3379 1198 3414 certe
1216 3361 1301 3414 modo

257 3421 318 3476 lunt
334 3419 429 3488 igitur,
454 3439 484 3476 ee
510 3424 624 3478 lectione
643 3429 763 3496 percuri'e
796 3427 945 3484 sterniiiutl
965 3426 1126 3498 perdiderit
1144 3427 1237 3502 petest.
1264 3431 1298 3483 E.

257 3488 343 3544 intelli
363 3490 446 3550 inette,
481 3491 607 3548 involutis
643 3497 760 3570 reliquit,
831 3497 941 3578 Gieriqii
961 3497 1197 3553 animadverstout
1220 3498 1302 3554 docte
1336 3547 1342 3562 ,

257 3577 326 3631 quae
343 3509 459 3632 fingenda
475 3559 619 3634 [operient.
658 3567 692 3617 G.
795 3563 935 3628 fit‚'burc
953 3580 1023 3618 certe
1041 3565 1102 3628 leco
1124 3586 1179 3620 nott
1199 3565 1299 3620 estec-

257 3685 261 3704 ι
291 3629 367 3690 3At
395 3631 511 3684 hercule
543 3641 681 3686 memoria
711 3653 762 3704 pa·
795 3635 975 3690 commodata.
1029 3635 1137 3689 aedidit
1164 3634 1185 3692 fi
1218 3634 1299 3708 leges,

257 3703 386 3760 rentum)
421 3697 502 3751 Rom.
522 3706 563 3754 At
582 3721 627 3753 me
648 3701 761 3758 hercole
795 3703 959 3776 consequent
1029 3741 1038 3764 ‚
1073 3705 1145 3760 taire.
1164 3705 1299 3761 auditores

258 3775 394 3816 retentoria
410 3784 569 3836 perentam.
606 3773 642 3825 H.
690 3813 696 3832 .
793 3773 881 3827 Plinio
917 3771 983 3826 vises
1020 3769 1071 3826 eiie
1110 3793 1171 3830 ctttn
1212 3775 1300 3830 fructu

291 3833 391 3886 invexit
409 3853 559 3906 pronomen
573 3845 667 3894 manue'
682 3842 762 3895 inter·
814 3845 914 3896 nodam
946 3841 994 3896 ino
1017 3843 1139 3898 recitanti
1177 3843 1299 3900 adiiriss'e.

257 3901 379 3973 poletrix.
415 3903 444 3954 S.
794 3859 847 3964 ded
879 3929 957 3984 quent
995 3907 1142 3968 auditionis
1181 3915 1300 3970 fructum

288 3981 306 4039 4
327 3979 398 4041 qnia
416 3991 476 4024 ιιοιι
488 3977 660 4044 perdiderit)
686 3997 760 4032 nern-
792 3981 928 4052 percipere
950 3996 1087 4052 peterent,
1120 3985 1216 4056 quiet
1241 3987 1298 4039 i'ero

253 4037 511 4118 peiniiationibut
528 4046 599 4109 titis,
620 4049 758 4120 inquibus
792 4049 933 4112 vendient,
958 4065 985 4104 et
1003 4068 1065 4106 ente
1085 4051 1165 4108 iinem
1191 4055 1296 4110 recede.

253 4123 299 4178 qut
324 4111 574 4176 commorabantur.
603 4133 663 4169 vere
686 4119 757 4172 dient
791 4119 870 4172 renti
903 4119 992 4174 ltntno
1018 4121 1058 4174 tei
1082 4121 1119 4178 fic
1146 4125 1215 4178 diem
1238 4145 1298 4198 per-

251 4175 361 4248 pendere
380 4177 432 4234 dici
448 4199 579 4252 poteraut.
615 4186 756 4243 Caeterum
792 4187 934 4248 didonem,
977 4207 1139 4262 quemquem
1172 4212 1230 4246 non
1265 4213 1298 4248 ee

249 4243 327 4300 docte
356 4245 393 4300 est
422 4249 613 4308 animadversio
635 4255 754 4326 Gierigii,
791 4258 892 4316 medo.
911 4257 957 4330 qni
975 4258 1297 4336 ipsorumignerieetne-

246 4315 377 4386 perdidit
390 4317 536 4390 legendnm
553 4321 605 4378 effe
627 4328 754 4396 potentie,
789 4327 860 4384 xime
880 4325 1054 4384 blandiretur.
1091 4333 1119 4384 S.
