2980 5580
273 4209 276 4216 .
380 4169 796 4247 ommatillimuminterpretaot.
831 4175 858 4230 S.

682 301 1060 383 nster-xxiia
1200 287 1202 292 '
1344 287 1345 356 l

353 492 473 547 morte
503 467 605 544 lunii
635 469 739 546 Aviti
763 467 1006 571 gracillimum
1030 467 1124 568 cepi.
1178 470 1274 545 Latu
1344 502 1345 546 3

354 603 442 650 vum
466 576 506 647 in
530 571 644 649 domo
674 601 757 648 mea
780 573 968 648 induerat:
999 570 1172 672 lulli-egio
1193 604 1275 650 meo
1344 573 1345 650 l

352 699 413 753 tus
443 677 483 751 in
505 678 676 778 petendis
697 676 904 752 honoribus
922 678 1059 751 suerat:
1086 675 1134 750 ad
1154 676 1246 773 boc,
1271 679 1277 750 i
1344 711 1345 752 1

354 781 550 880 diligebat,
575 783 627 856 ita
649 773 862 874 verebatur,
886 801 929 868 ut
945 805 1004 854 me
1029 781 1278 856 formatorem
1344 813 1345 855 r

354 911 415 958 me
447 884 548 984 quali
576 883 747 983 magistro
772 903 947 958 uteretur.
1018 883 1155 956 Rarum
1181 885 1253 960 boc
1344 913 1345 962 1

313 1067 320 1074 ,
354 987 539 1062 scentibus
565 974 707 1062 nostris.
768 985 865 1062 Nam
887 985 1180 1087 quotusquisque
1209 991 1268 1063 vel
1344 1011 1345 1058 t

357 1091 525 1186 alterius,
547 1093 606 1165 vel
623 1089 851 1186 auctoritati,
875 1091 1072 1184 utmiitor,
1097 1088 1223 1166 cedit?
1262 1097 1283 1163 l
1344 1115 1345 1162 t

356 1193 521 1294 sapiunt,
547 1194 666 1268 llatim
695 1193 815 1268 sciunt
836 1193 981 1269 omnia:
1015 1193 1207 1268 neminem
1227 1221 1284 1270 ver
1344 1219 1345 1270 t

356 1298 774 1387 imitantur-neminem,
806 1319 916 1398 atque
945 1297 1014 1396 ipli
1033 1293 1102 1369 fibi
1125 1300 1286 1399 exempla
1344 1330 1345 1372 t

354 1400 435 1475 Sed
457 1428 533 1476 non
558 1400 711 1476 Avitus:
729 1399 845 1475 cuius
866 1401 959 1478 haec
979 1399 1175 1500 praecipua
1197 1401 1288 1502 prud
1344 1435 1345 1442 ¹

358 1502 462 1604 qttod
487 1503 578 1578 alios
601 1503 859 1603 prudentiores
883 1503 1145 1599 arbitrabatur,
1179 1504 1271 1580 haec
1344 1537 1345 1554 ¹

357 1609 467 1708 cipue
499 1605 680 1702 eruditio,
718 1607 824 1708 quod
856 1605 993 1682 discere
1026 1597 1186 1680 volebat.
1252 1611 1291 1684 St
1344 1643 1345 1710 t

356 1711 420 1785 ille
450 1732 513 1784 aut
545 1709 592 1784 de
624 1708 752 1785 studiis
784 1709 947 1810 aliquid,
986 1729 1048 1782 aut
1074 1705 1121 1784 de
1151 1711 1280 1786 officiis
1344 1771 1345 1786 ,

357 1812 589 1888 consulebat:
626 1813 770 1914 semper
795 1814 848 1886 ita
878 1811 1094 1904 recedebat,
1115 1831 1171 1884 .ut
1201 1815 1295 1887 meli<

293 1995 303 2008 ,
358 1939 459 1991 ctus:
496 1939 533 1992 et
562 1938 639 1992 erat
662 1919 781 1995 sactus
812 1918 872 1990 vel
904 1941 969 2009 eo,
999 1913 1102 2014 quod
1130 1914 1294 1990 audierat

360 2020 463 2121 qnod
493 2021 654 2122 omuino
671 2019 881 2121 quaesierat.
940 2015 1056 2106 Quod
1096 2017 1170 2096 ille,
1190 2018 1298 2121 obseq
1344 2053 1345 2060 ¹

357 2125 556 2217 Serviano,
583 2122 804 2196 exactissimo
826 2122 926 2220 viro,
949 2118 1143 2220 praestitit!
1179 2149 1289 2223 quem
1344 2157 1345 2196 t

267 2219 272 2228 ⁴
358 2248 439 2303 turn
461 2227 630 2301 tribunus
656 2225 707 2298 ita
730 2247 767 2300 et
788 2224 985 2318 intellexit,
1010 2244 1046 2296 et
1068 2223 1179 2322 cepit,
1205 2247 1301 2302 uter
1344 2233 1345 2296 l

357 2330 480 2404 mania
498 2331 539 2404 in
558 2329 788 2404 Pannoniam
806 2348 1074 2418 transeuntem,
1101 2353 1177 2400 non
1197 2350 1239 2401 ut
1259 2357 1302 2405 eo
1344 2363 1345 2406 3

358 2432 448 2528 lito,
472 2431 538 2508 sed
553 2453 595 2505 ut
610 2459 735 2506 eomes
750 2429 1027 2529 adsectatorque
1047 2425 1270 2530 sequeretur.
1344 2435 1345 2521 ζ

358 2535 555 2632 industria,
589 2563 662 2634 qua
693 2533 871 2610 modestia
904 2533 1072 2634 quaestor
1096 2533 1306 2610 consulibus
1344 2545 1345 2612 l

304 2671 310 2681 ·
361 2643 414 2742 (et
435 2641 560 2740 plures
583 2637 731 2740 babuit)
758 2665 836 2711 non
859 2637 980 2710 minus
1003 2633 1187 2711 iucundus
1216 2660 1252 2712 et
1277 2668 1307 2740 gr
1344 2664 1345 2711 t

361 2755 476 2844 quarn*
504 2741 585 2815 usui
616 2741 703 2814 fuit!
757 2741 843 2828 Quo
881 2736 1065 2832 discursu,
1104 2765 1176 2838 qua
1211 2742 1309 2840 vigile
1344 2809 1345 2816 ,

359 2845 456 2920 banc
475 2843 591 2946 ipsam
613 2842 849 2937 aedilitatem,
876 2842 938 2916 cui
961 2862 1174 2941 praereptus
1199 2845 1261 2934 est,
1284 2874 1308 2946 p
1344 2907 1345 2919 ,

363 2947 479 3037 Quod
498 2949 558 3024 vel
580 2948 736 3050 maxime
758 2945 926 3046 dolorem
947 2971 1071 3018 meum
1092 2947 1285 3021 exulcerat.
1344 2955 1345 3019 J

362 3050 549 3127 versantur
572 3050 688 3124 oculis
712 3049 981 3141 calli'labores,
1006 3068 1042 3120 et
1061 3046 1307 3126 infructuosae
1344 3082 1345 3124 1

362 3183 442 3252 ces,
467 3176 503 3230 et
526 3156 781 3254 honor‘quem
806 3135 940 3226 msruit
959 3171 1112 3222 tantum.
1166 3151 1275 3227 Redit
1290 3183 1316 3228 ar
1344 3142 1345 3229 l

362 3259 426 3334 ille
451 3260 545 3333 latus
576 3259 700 3332 clavus
731 3257 772 3329 in
799 3253 994 3357 penatibus
1020 3254 1112 3327 meis
1136 3251 1292 3332 sumtus:
1344 3291 1345 3302 ¹

397 3444 542 3508 xxmrt
566 3447 673 3501 llarrrm
693 3443 750 3498 hoc
773 3443 873 3500 adole·
905 3439 1065 3516 pretendunt
1084 3441 1203 3506 ridetur.
1226 3461 1257 3504 ut
1278 3445 1320 3501 eliu
1344 3467 1345 3502 t

328 3547 330 3550 -
357 3515 507 3587 scentlbrar
536 3515 657 3590 nefins)
694 3511 811 3569 Praestat
836 3515 874 3568 la·
906 3513 994 3585 priore
1025 3513 1153 3566 direrluru
1181 3513 1321 3636 llquilicer,

365 3585 420 3637 ctio
444 3583 563 3639 Meditor
586 3586 664 3638 lrbrr:
692 3587 798 3638 Rarum
818 3583 873 3638 lroe
906 3600 1021 3653 nempe,
1048 3581 1164 3637 devinxit
1182 3584 1203 3638 li
1222 3585 1230 3636 i
1249 3584 1322 3640 humr
1344 3605 1345 3640 t

364 3661 396 3708 tn
414 3653 644 3728 adolescentibus
662 3653 775 3727 nostris.
813 3655 840 3707 S.
881 3651 951 3704 ··lua
979 3651 1148 3715 Servianum,
1181 3669 1210 3706 ut
1235 3655 1345 3710 Corne,

399 3751 629 3826 §exactiffimw
666 3753 873 3828 diligenriffimo,
905 3719 1133 3862 &21:5²anae
1128 3723 1280 3860 :quuum‘
1298 3728 1324 3796 sr
1344 3747 1345 3778 r

473 3827 478 3836 .
504 3824 509 3834 .
1208 3833 1215 3854 '
1245 3831 1253 3844 ⁰
1275 3796 1308 3848 G·
1344 3839 1345 3848 ¹

365 3824 558 3954 fgffflcffiflffl
569 3825 873 3965 νὴὲᾒὶοᾞῑῐῂῗζέζ
909 3859 1023 3914 Gesneri
1038 3857 1074 3914 ad
1095 3861 1115 3914 l.
1130 3861 1161 3914 Α.
1176 3805 1278 3918 guin,
1296 3885 1327 3938 ep
1344 3867 1345 3918 l

366 3965 432 4032 Quo
470 3965 577 4045 magia·
596 3963 748 4018 laudandus
777 3966 876 4030 Avitus,
910 3925 1329 4064 dgeffigx‘fffezzn⁸llqffi

909 4067 1074 4150 uoluntatem
1090 4068 1178 4154 nolle,
1195 4072 1281 4145 iisque
1298 4075 1330 4126 rel

910 4135 1111 4261 ¹‹serigenliliacet
1129 4139 1345 4264 qtictthqsttcciqt

403 4287 431 4354 ot
457 4273 620 4338 intellexit,
651 4291 678 4330 et
699 4275 809 4354 cepit).
826 4275 880 4327 1³0-
913 4229 1139 4332 rumineceffarso
1166 4230 1259 4350 cipit,
1274 4250 1345 4334 'eurr

363 4337 461 4398 lienus
484 4339 596 4399 verbnm
615 4346 654 4400 ita
670 4346 782 4399 ommno
801 4359 878 4402 tntu·
917 4343 1044 4412 devintit,
1066 4349 1091 4402 ei
1107 4365 1184 4406 carus
1204 4349 1251 4406 ott.
1286 4352 1323 4406 E.

317 4031 320 4042 ’
365 4031 443 4106 quod
476 4035 523 4086 talt
553 4049 609 4092 vtro
638 4034 691 4090 talo
720 4033 876 4108 obsequium

365 4098 504 4228 praestitit.
540 4101 649 4158 Fallitur
659 4101 801 4174 Gierigint,
812 4123 877 4158 con·
