2904 4946
245 370 318 462 442
473 353 1079 454 c.ri1u11utr.v111.

703 555 829 622 xx11.

242 645 467 760 &prehendit
492 673 674 762 quosdam,
701 680 767 778 qut·¹
781 664 867 738 daim
884 678 1040 746 veniam,
1067 673 1128 756 mys
1137 671 1205 755 sabi
1224 695 1282 755 tre·

307 781 445 860 ,scinne
964 804 967 819 ¹

358 923 390 970 c.
429 919 651 973 retatus
705 921 950 972 enatato
1002 899 1094 970 svo
1131 922 1161 967 s.

235 993 404 1106 Nostine
441 1033 532 1131 hos,
572 1035 638 1135 qui
672 1033 839 1110 omnium
868 1030 1067 1108 libidinum
1103 1027 1195 1104 servi
1232 1027 1282 1102 fic

239 1135 397 1210 aliorum
419 1139 516 1212 vitiis
537 1139 759 1232 irascuntur,
792 1137 892 1238 quasi
912 1133 1116 1230 invideant,
1147 1153 1184 1207 et
1204 1133 1296 1230 gra·'

236 1235 377 1315 villime
401 1242 576 1340 puniunt,
610 1237 702 1344 quoi
727 1241 884 1314 maxime
906 1238 1121 1311 imitantur?
1166 1264 1283 1337 quum

130 1367 133 1376 ·
237 1367 302 1416 eos
327 1343 459 1440 etiam,
480 1346 544 1446 qui
568 1373 643 1419 non
663 1345 828 1444 indigent
851 1342 1042 1446 clementia
1065 1341 1193 1434 ullius,
1225 1340 1282 1426 ni,

178 1477 180 1486 ’
209 1443 293 1521 chit
318 1447 432 1547 magis
461 1477 571 1548 qnam
594 1450 724 1524 lenitas
755 1447 893 1522 deceat.
946 1445 1066 1545 Atqui.
1091 1471 1159 1543 ego
1185 1442 1282 1542 opti·

234 1577 338 1622 mum
364 1571 401 1624 et
426 1549 752 1626 emendatissimum
782 1551 963 1644 existimo,
993 1549 1057 1648 qui
1079 1547 1208 1622 ceteris
1227 1545 1281 1618 ita

235 1651 409 1750 ignoscit,
434 1675 608 1756 tanquam
623 1654 699 1755 ipse
723 1653 891 1756 quotidie
916 1672 1062 1752 peccet,
1084 1652 1133 1725 ita
1152 1677 1281 1750 pecca-

208 1755 282 1834 etis
311 1757 488 1853 abstinet,
517 1780 692 1858 tanquam
717 1757 857 1832 nemini
885 1753 1057 1855 ignoscat.
1118 1750 1280 1828 Proinde

210 1859 308 1942 ⁸hoc
333 1859 455 1958 domi,
487 1863 560 1935 hoc
584 1861 694 1957 soris,
728 1861 802 1934 hoc
831 1862 868 1932 in
902 1859 1002 1932 omni
1029 1860 1122 1932 vitae
1147 1883 1280 1958 genere

229 1983 438 2059 teneamus,
465 1987 506 2038 ut
529 1965 635 2038 nobis
656 1963 905 2063 implacabiles
925 1961 1054 2056 fimus,
1078 1960 1279 2036 exorabiles
1337 1989 1340 1994 ’

228 2065 304 2141 istis
329 2069 458 2167 ctiam,
491 2068 555 2168 qui
578 2065 665 2141 dare
687 2067 851 2160 veniam,
883 2064 951 2138 nist
974 2065 1062 2159 fibi,
1094 2062 1280 2158 nesciuut;

229 2169 519 2271 mandemusque
542 2171 763 2260 memoriae,
784 2168 888 2269 quod
909 2168 966 2242 vir
990 2167 1210 2261 mitislimus,
1242 2185 1289 2239 et·

212 2275 282 2345 ‘ob
303 2275 377 2350 hoc
400 2303 549 2376 qnoque
572 2274 773 2370 maximus,
796 2270 975 2368 Thrasea,
999 2273 1132 2364 crebro
1155 2270 1279 2344 dicere

228 2374 387 2454 solebat:
418 2383 481 2478 qui
516 2382 608 2452 vitia
639 2383 736 2466 odit,
773 2379 937 2449 homines
963 2380 1049 2447 odit.
1118 2372 1279 2450 Fortasse

83 2534 90 2547 .
201 2481 394 2580 ¹alquaeris,
429 2509 504 2580 quo
534 2503 741 2555 commotus
767 2481 860 2554 haec
890 2477 1058 2552 scribam.
1113 2475 1278 2565 Quidam

226 2609 414 2682 nuper-
444 2582 520 2658 Sed
545 2585 673 2657 melius
698 2611 842 2680 coram3
874 2611 1097 2682 quamquam
1120 2609 1166 2654 ne
1187 2602 1277 2654 tunc

227 2685 397 2794 quidem,
452 2689 595 2763 Vereor
627 2685 743 2781 enim,
784 2715 830 2762 ne
852 2685 912 2780 id,
946 2684 1049 2788 quod
1089 2685 1277 2784 improbo,

226 2787 414 2885 insectari,
441 2817 612 2892 carpere,
643 2790 797 2883 referre,
825 2789 933 2881 huic,
968 2786 1181 2889 quodcum
1202 2816 1279 2859 ma-

189 2895 198 2910 '
227 2893 325 2967 xiute
348 2894 610 2995 praecipimus,
632 2916 819 2994 repugnet.
881 2892 1058 2992 Quisquis
1081 2891 1162 2986 ille,
1188 2918 1278 2990 qua·
1366 2961 1386 2978 ,.

226 2995 439 3100 liscunque,
472 2996 638 3091 sileatur,
669 2990 783 3098 quem¹
800 2995 990 3094 insignire,
1016 2995 1173 3094 exempli
1198 3021 1276 3066 non

226 3101 343 3198 nihil,
367 3129 442 3177 non
462 3100 644 3202 insignire,
666 3100 902 3176 humanitatis
927 3099 1127 3200 plurimum
1150 3097 1272 3172 resert.

229 3203 332 3280 Vale.
364 3313 368 3328 Ι
636 3285 637 3288 ¹
734 3225 737 3234 ·

642 3416 644 3424 ·
721 3377 828 3441 XIII.

329 3479 446 3542 Obitus
466 3479 586 3551 Aviti,
607 3381 803 3543 cttmxlaude
822 3481 950 3562 ingenii
971 3499 1173 3564 morumque.

277 3666 311 3712 c.
357 3661 583 3710 neturus
634 3659 1005 3736 uancnnntuo
1054 3659 1152 3708 svo
1192 3644 1221 3704 s'.

228 3769 382 3878 Omnia
407 3803 501 3876 mihi
526 3801 662 3897 studia,
687 3829 813 3878 omnes
845 3831 969 3897 curas,
999 3801 1122 3877 omnia
1148 3825 1275 3874 avoca·

226 3929 350 3984 menta
381 3907 534 4001 exemit,
561 3905 736 4002 excussu,
758 3908 893 4006 eripuit
925 3906 1050 4001 dolor,
1089 3917 1203 4006 quem·
1229 3929 1275 3978 ex

259 4081 356 4141 XXII,
379 4099 394 4130 a
418 4081 522 4149 Atqui)
556 4079 734 4134 Sicaconie·
767 4079 839 4133 mine
871 4097 1014 4134 commune
1046 4077 1192 4152 quidquam
1223 4075 1274 4130 titi

226 4169 300 4208 etun
317 4149 425 4207 Gruteri
443 4146 547 4219 legitur.
584 4149 687 4204 Omnes
702 4147 733 4202 li-
768 4145 818 4202 esse
842 4149 905 4203 velit
923 4165 974 4202 etc.
1019 4147 1091 4200 Cum
1115 4151 1187 4202 enim
1211 4165 1275 4200 nus-

226 4224 268 4280 bri
285 4236 380 4288 atque.
399 4217 476 4291 qued
494 4219 604 4274 bonum.
640 4220 669 4272 S.
767 4237 847 4288 quarn
865 4238 919 4271 non
936 4217 992 4270 vitii
1009 4215 1110 4289 aliquid
1122 4217 1168 4278 Iit,
1187 4233 1273 4269 metue

767 4287 821 4350 est,
843 4307 877 4342 ne
899 4288 977 4360 plane
997 4306 1053 4340 non
1075 4287 1150 4348 sule,
1172 4284 1216 4338 sed
1235 4285 1274 4338 vi-

220 4368 343 4486 arinstls
355 4355 734 4502 iqffgefoethcqmlsittfiqfqnqz,
767 4355 1108 4484 binniieitbdidnsonitiddsi
1136 4356 1186 4478 gui
1212 4354 1275 4410 titi!
