2862 5794
197 285 237 339 lv
483 285 970 346 ΥΡΙὶΑ-ΕΒΑΤΙΟ,
1047 287 1109 330 ‘-

135 449 139 457 ’
184 433 269 539 Νιιὶο
289 447 488 554 officeret,
507 461 590 534 neu
613 485 762 536 novam
770 437 1006 554 =moraretur
1019 437 1254 556 editionem,
1289 538 1295 548 ,

122 627 126 634 ’
204 601 412 705 quaeritur
434 621 458 672 a
485 591 729 706 bibliopola,
758 600 831 703 qui
853 602 898 674 in
917 594 1098 676 defuncti
1115 597 1255 676 lorum

202 727 389 846 pr'otinua
424 725 634 838 succedat,
675 759 863 844 opusque
884 732 1127 844 „institutum
1172 741 1252 815 cito

204 851 388 962 absolvat.
409 885 412 892 ’
436 856 511 950 'Ita
525 870 683 952 'factum
710 865 786 969 est,
814 891 860 950 ut
882 872 984 953 milri
1003 879 1253 981 necopinan-
1285 854 1290 862 ¹

166 1017 258 1110 sti,
288 1015 352 1088 vix
382 1009 584 1092 exantlato
600 1003 955 1092 aerumnostffimo
977 1007 1114 1089 labore
1140 993 1253 1091 Gl'o'sss

202 1145 292 1230 san'i
329 1148 483 1228 Liviani
519 1177 568 1228 ex
601 1143 756 1230 schedis
794 1150 898 1260 Aug.
937 1151 1045 1231 Guil.
1078 1145 1252 1230 Ernestii
1379 1127 1380 1132 Ν

202 1285 498 1392 concinnandi,
521 1293 737 1396 negotium
756 1261 1006 1408 Pliniauum,
1033 1285 1251 1368 iucundius

200 1423 302 1509 illud
327 1423 515 1534 quidem,
545 1403 614 1507 sed
629 1441 797 1524 tamen,
823 1451 918 1504 cum
943 1423 1040 1522 alia,
1069 1423 1250 1532 adquae

201 1539 320 1665 meus
362 1589 431 1643 ma
468 1569 630 1644 animus
659 1581 840 1662 vocaret,
876 1560 1034 1670 agenda
1062 1559 1252 1674 suppete-

201 1707 310 1803 rent,
335 1707 460 1783 invito
477 1703 773 1810 reluctantique
796 1707 1082 1809 imponeretur.
1125 1673 1251 1810 Quod

203 1839 416 1950 quomodo
445 1835 822 1954 administravenm,
857 1845 1094 1948 priusquam
1122 1839 1275 1928 lecto.

190 2005 265 2058 res
302 1977 454 2077 doceo,
486 1985 628 2088 paucis
661 1996 944 2088 quantumque
973 1975 1074 2057 mihi
1105 1975 1249 2060 consti-

201 2121 273 2214 tit,
311 2115 579 2200 indicandum
610 2113 687 2216 est,
723 2143 829 2226 quae
851 2119 957 2196 ratio
990 2115 1109 2199 Plinii
1134 2143 1248 2227 repe-

201 2251 317 2340 tendi
345 2249 525 2374 Ernestio
549 2257 756 2364 placuerit.
1238 2357 1245 2365 ι

249 2365 258 2383 s
288 2395 339 2472 Iu
362 2408 476 2474 textu
502 2393 670 2502 quidem
690 2385 954 2491 recensendo,
975 2388 1006 2472 fi
1026 2393 1137 2472 locos
1157 2418 1247 2500 per-

199 2557 353 2640 paucos
380 2525 578 2640 excipiar,
598 2529 838 2639 Gesuemm
856 2547 941 2612 erat
965 2525 1247 2639 religiofiffime

136 2725 138 2732 ›
199 2667 420 2766 secuturus.
468 2643 663 2752 'Omnino
679 2663 895 2750 'Emesam
930 2666 1081 2765 noster,
1114 2675 1247 2775 perin-

200 2807 251 2888 de
291 2825 415 2916 atque
458 2805 558 2888 alter
590 2803 676 2906 ille,
714 2807 814 2886 Livii
851 2803 1001 2902 editor,
1043 2833 1066 2884 a
1110 2813 1245 2886 critica
1356 2788 1362 2802 ’

110 2959 159 3018 ,-“
200 2941 442 3055 scriptorum
469 2963 651 3031 veterum
682 2949 921 3024 tractatIone
950 2941 1111 3024 videtur
1130 2943 1242 3028 tuille
1270 2913 1277 2927 .

180 3075 184 3092 ’
196 3063 337 3190 paullo
378 3087 557 3166 alienior.
620 3083 759 3192 Longe
794 3087 947 3160 maiore
981 3109 1077 3162 cura
1110 3089 1244 3161 inten-

167 3227 373 3331 ·tiorique
409 3218 545 3304 studio
577 3225 954 3330 interpretationem
981 3221 1100 3332 Plinii
1132 3247 1243 3300 com·

185 3359 338 3470 *plexus
372 3377 480 3462 erat,
519 3375 588 3459 ut,
622 3353 667 3441 fi'
686 3359 1059 3468 quae'a'Gesnero
1092 3365 1136 3456 in
1164 3357 1242 3438 hac

80 3489 84 3500 ’
195 3505 332 3607 operia
365 3517 505 3608 parte,
543 3523 627 3607 qua
656 3504 829 3580 maxime
858 3495 1068 3580 censentur
1098 3496 1255 3596 editio<
1378 3503 1380 3528 ¹

71 3665 74 3672 ·
192 3663 267 3716 nea
287 3637 584 3739 Gesnarianae,
615 3629 759 3717 omilla
779 3632 923 3736 ellent,
952 3663 1001 3715 ea
1015 3640 1170 3742 partim
1192 3661 1242 3713 ex

191 3781 365 3883 propriis
398 3769 593 3858 thesauris
630 3787 840 3883 expromta
868 3773 1055 3870 adderet,
1090 3779 1242 3880 partim

193 3941 241 3992 ex
261 3911 556 4012 recentiorum,
584 3918 770 4023 inprimis
792 3911 981 4022 Gierigii,
997 3909 1119 3993 ‘libn's
1143 3941 1240 4020 pru-

187 4048 333 4134 denter
352 4049 529 4131 delibata
547 4068 764 4170 repeteret.
821 4052 966 4161 Itaque
980 4048 1150 4133 Ernestii
1164 4039 1239 4131 no-

188 4173 274 4288 tae,
300 4206 348 4270 ut
374 4185 486 4274 crifin
514 4190 568 4274 de
595 4207 710 4273 textu
724 4219 793 4264 t*
807 4188 1003 4281 ltitu'eudo
1023 4217 1110 4272 nou
1122 4194 1236 4298 pror'-
