2904 4946
321 335 354 382 c.
379 334 530 400 rmum
557 334 645 382 nra.
677 339 734 386 rx.
782 337 1049 388 urrunnu.
1141 325 1215 416 449

168 495 262 596 quid
284 495 386 570 aliud
415 497 454 572 in
483 484 676 594 manilius,
704 501 852 574 interim
869 487 1006 577 differi
1039 503 1218 606 hoc'pcr·

145 604 259 690 'ficc,
288 599 391 703 quod
413 604 549 702 mobis,
580 603 645 704 qui
674 605 829 704 legimus
861 607 970 701 olim,
1009 609 1262 686 ahsolutum·

166 704 323 778 videtur.
383 705 461 780 Sed
490 707 564 780 iam
598 705 765 782 videatur
795 730 832 783 et
869 710 959 808 tibi3
983 713 1097 792 ,cuius
1126 741 1215 788 cun·
1293 783 1295 793 .

163 809 363 886 ctationem
397 837 466 884 nec
504 837 561 885 res
600 809 678 911 ipsa
718 810 915 910 defiderat,
959 836 997 890 et
1035 819 1212 916 temporis

163 911 471 1016 ratio'praecidit.
523 915 627 992 Vale.
1230 921 1246 954 ‘

657 1225 698 1288 ss·
1028 1267 1031 1274 .

162 1329 297 1413 [Longas
311 1347 346 1394 et
358 1333 493 1396 crebras
508 1332 660 1417 epistolar
670 1333 869 1419 flagitanti,
892 1337 1029 1418 excusae
1039 1337 1099 1416 se,
1121 1337 1213 1426 quud
1274 1299 1277 1314 Ι
1388 1402 1406 1423 x

235 1439 390 1542 *maceria
414 1438 559 1522 deficiat.
1033 1449 1036 1462 '

308 1617 340 1662 c.
382 1586 849 1697 rnrutvsaa'ntuo
892 1617 989 1668 svo
1037 1619 1067 1666 s.

157 1721 272 1830 Facis
292 1757 474 1854 iucunde,
503 1759 609 1861 quod
637 1787 714 1834 nou
735 1757 854 1833 solum
878 1760 1054 1858 plurimas
1078 1763 1209 1862 episto-

157 1860 209 1933 las
233 1889 351 1958 meas,
384 1891 512 1938 vetum
543 1865 650 1940 etiam
684 1861 926 1961 longiffimas‚
955 1864 1115 1961 flagitas:
1166 1867 1208 1938 in

157 1964 292 2063 quibus
312 1967 457 2066 parcior
480 1967 554 2062 fui,
578 1964 713 2066 partim
735 1967 820 2066 quia
844 1986 923 2038 tuas
946 1968 1207 2065 occupationes

156 2069 331 2161 verebar,
362 2071 496 2168 partim
535 2071 621 2170 quia
657 2067 733 2167 ipse
773 2069 942 2144 multum·
970 2067 1210 2170 distringebar
1255 2149 1259 2156 ,

152 2172 372 2270 plerumque
400 2172 544 2272 frigidis
573 2173 749 2271 negotiis,
787 2197 881 2272 quae
914 2171 1021 2244 fimul
1054 2195 1098 2247 et·
1122 2201 1206 2250 avo·

153 2295 239 2346 cant
261 2275 423 2348 animum
446 2298 482 2350 et
505 2278 773 2350 comminuunt.
823 2273 1016 2350 Praeterea
1039 2303 1107 2350 nec
1130 2307 1232 2354 man

90 2457 94 2470 ,
152 2378 244 2450 teria
277 2379 383 2478 plura
415 2377 599 2452 scribendi
628 2378 794 2453 dabatur.
860 2377 991 2478 Neque
1022 2381 1120 2454 enim
1148 2408 1205 2455 ea·

93 2471 96 2486 '
152 2479 238 2554 dem
269 2481 387 2555 nostra
422 2481 610 2578 conditio,
640 2507 734 2582 quac
761 2481 815 2554 M.
841 2481 979 2574 Tullii,
1017 2482 1202 2560 ad*cuius
1308 2545 1311 2553 .

152 2586 359 2684 exemplum
381 2613 449 2659 nos
471 2610 590 2660 vocas.
644 2587 706 2660 Illi
730 2585 828 2658 enim
854 2607 891 2660 et
915 2585 1201 2686 copiofiffirnum

149 2686 355 2787 ingenium,
396 2711 431 2763 et
467 2689 618 2786 ingenio
652 2716 724 2788 qua
760 2688 914 2763 variatas
947 2717 1089 2785 rerum,
1129 2719 1203 2792 qua

147 2791 384 2889 magnitudo,
407 2791 599 2891 largissimc
621 2787 847 2891 suppetebat.
882 2791 981 2889 ¹Nos
1002 2822 1113 2893 quam
1139 2820 1229 2882 arn-5

149 2895 258 2992 gustis
281 2895 446 2972 terminis
470 2890 702 2988 claudamur,
725 2895 835 2968 ctiam
858 2916 1000 2969 tacente
1020 2923 1093 2984 me,
1116 2925 1200 3000 pcr-

145 2995 275 3095 spicis:
310 2997 377 3068 niti
406 2999 501 3072 forte
527 2999 696 3071 volumus
717 2997 946 3071 scholasticas
971 2999 1060 3094 tibi,
1086 3019 1198 3100 atque

147 3101 205 3200 (ut
239 3099 290 3172 ita
323 3096 458 3202 dicam)
493 3101 715 3192 umbraticas
748 3101 871 3186 lite'ras¹
902 3101 1058 3175 mittere.
1121 3103 1229 3180 Sedit
1312 3133 1317 3144 ’

144 3203 242 3304 nihil
261 3203 381 3277 minus
403 3228 530 3306 aptum
550 3199 788 3297 arbitramur,
813 3231 928 3303 quum
949 3231 1048 3278 arma
1071 3207 1198 3300 vestra,

199 3333 262 3380 nm
286 3307 419 3402 castra,
458 3337 573 3410 quum
603 3307 762 3408 denique
793 3333 952 3402 cornua,
985 3309 1111 3404 tubas,
1139 3308 1198 3384 su·
1263 3316 1270 3352 ‘

145 3336 295 3506 iiimm,
327 3413 539 3508 pulverem,
571 3409 664 3486 soles
696 3409 912 3510 cogitamus.
976 3409 1120 3507 Habes,
1153 3431 1224 3514 ωε
1282 3472 1284 3482 ,

143 3533 256 3614 puto,
284 3513 413 3590 iustam
443 3513 732 3591 excusationem:
763 3541 874 3616 quam
900 3535 1023 3590 tamen
1047 3515 1193 3614 dubito,

175 3719 246 3774 5αό
262 3721 370 3773 alutam
379 3720 504 3774 videtur.
521 3751 557 3762 -
576 3729 648 3777 etet·
681 3717 816 3776 uariatior
845 3717 954 3774 confilio
977 3717 1071 3782 Plinii,
1106 3719 1194 3775 Maxi-

142 3787 189 3854 bt)
256 3791 281 3842 ui
302 3792 428 3862 recitante
451 3807 476 3844 tc
500 3791 648 3846 andivimus
681 3804 758 3844 muru
787 3789 860 3842 omni
881 3789 985 3842 ratione
1009 3788 1190 3862 perpoliantia,

140 3858 349 3914 Anti-Plantam
374 3875 467 3923 tuum,
498 3859 648 3916 absolutum
681 3877 712 3914 ut
735 3877 770 3912 aa
798 3857 898 3910 diutina
927 3874 1066 3914 cunctetur
1093 3859 1193 3917 tibrum
1274 3859 1284 3902 2

141 3943 170 3982 at
194 3925 342 4001 perfectura
366 3929 552 3984 iudicavimus·
597 3933 651 3986 lta·
683 3929 758 3984 suunt
776 3927 905 3984 emittm.
940 3928 968 3982 S.

140 4013 193 4070 que
219 3997 276 4051 noli
300 4014 329 4052 tu
357 4001 490 4061 cunctati,
520 4015 548 4054 et
576 4002 648 4056 caia·
1005 4003 1009 4008 ⁷
1047 4057 1049 4062 ,

139 4066 235 4122 matari
244 4069 647 4150 tanquamirnpcriectumopua,
716 4071 867 4148 temporis)
876 4063 1190 4120 Genuinnrnhacamar·

139 4133 239 4190 diutina
254 4135 442 4208 promendum,
455 4157 487 4192 tc
502 4139 574 4192 domi
584 4159 650 4194 con·
681 4144 718 4194 eit
744 4137 857 4190 thorum
890 4151 905 4187 ι
930 4131 1070 4206 glossatore
1102 4135 1166 4208 proi
1180 4165 1191 4177 -

137 4205 295 4269 tincadum,
317 4205 382 4260 darn
402 4209 573 4281 perpoliatur.
611 4211 646 4266 G.
680 4223 762 4262 ctum.
804 4203 950 4275 Temporis
968 4214 1044 4260 ratio
1069 4201 1115 4256 iila
1136 4203 1193 4276 ipsa

114 4311 118 4318 ·
175 4271 335 4344 dqliderat)
370 4277 445 4331 Malo
470 4277 578 4333 Cortina
598 4279 647 4333 de·
679 4277 791 4332 Plantae
810 4293 880 4330 mora
904 4273 949 4328 est.
986 4274 1031 4330 Sic
1049 4271 1126 4346 [capa
1144 4291 1190 4326 m

129 4341 251 4420 fideret.
280 4346 441 4404 indicativus
451 4345 531 4422 longa
541 4365 648 4406 accant-
679 4363 708 4406 et
724 4362 833 4416 tompus
851 4345 1007 4418 tanguntur,
1042 4343 1070 4398 S.
1141 4415 1145 4428 Ι

764 4437 828 4512 Ff
