2862 5794
170 285 306 364 :xgr
551 277 963 334 rnaurarto

238 447 369 538 ctiam,
397 441 438 516 in
459 442 594 544 quibus
619 439 832 537 adbaeliffe,
863 468 1086 543 quamquam
1107 442 1293 530 facilibus'

239 571 278 628 at
315 545 447 648 apertis
485 545 606 619 nostro
641 541 803 640 iudicio,
822 623 828 642 ,
849 544 939 618 alios
982 543 1276 622 observabamua.

240 650 406 750 Contigit
431 647 541 732 etiarn
563 647 644 743 hic,
674 645 778 748 quod
801 675 919 748 nuper
948 648 986 721 in
1012 649 1278 745 Quinctiliano3
1378 669 1383 674 ·

231 777 283 830 nt
309 749 465 829 dicenda
492 749 621 846 ellent,
652 775 721 850 pro
746 749 899 825 instituti
924 751 1096 826 nimirum
1125 755 1277 850 ratione,

239 885 323 939 nou,
344 873 406 952 ea,
458 881 551 955 quae
588 850 664 956 ipse
703 855 842 954 primus
878 854 977 948 vidi,
1029 884 1123 956 quac
1157 855 1279 930 nescio
1300 857 1309 873 ’“

191 1005 192 1008 ¹
241 990 353 1064 quarn
380 959 496 1034 multa
519 957 608 1054 fint3‘
638 954 705 1031 sed
733 985 826 1058 quae
851 958 1062 1053 necellaria,
1095 983 1157 1034 aut
1180 955 1282 1034 corn«

240 1061 353 1141 moda
385 1084 486 1138 certe
507 1061 729 1154 lectoribus,
744 1061 845 1136 elicet
876 1060 972 1135 dicta
1003 1064 1050 1136 ab
1079 1065 1158 1136 aliis
1191 1090 1282 1164 quo.
1388 1069 1391 1082 “

242 1194 342 1270 queg
372 1165 586 1240 arbitrabar.
648 1164 795 1239 Morem
825 1157 1011 1266 equidem'
1032 1165 1136 1240 illurn
1166 1166 1282 1286 tenui,

111 1281 142 1360 ᾗ
240 1271 339 1346 nibil
361 1292 403 1346 ut
427 1263 621 1372 ponerem,
652 1266 720 1342 nili
743 1265 844 1368 quod
868 1271 918 1340 ita
942 1267 978 1342 se
1004 1269 1159 1364 habere,
1190 1297 1282 1346 meta

243 1374 378 1468 oculis,
413 1399 497 1448 meo
530 1371 693 1465 animo,
715 1369 980 1470 cognovillem3
1027 1369 1058 1445 fi
1093 1372 1196 1473 quod
1227 1373 1282 1446 in-

241 1499 392 1557 ventum
419 1494 711 1550 commemoratu
741 1473 894 1574 dignum
921 1471 1129 1566 videretur,
1158 1497 1281 1550 aucto·

244 1579 284 1654 ri.
300 1577 365 1653 suo
389 1564 552 1654 libenter
574 1575 837 1672 adscriberem,
857 1578 1040 1652 Curtium
1069 1571 1281 1680 praesertim

242 1681 569 1788 Schunrziumque
595 1681 807 1784 frequenter
829 1679 1026 1770 laudarem.

332 1887 434 1971 ,Hoc
466 1887 578 1988 igitur
603 1883 787 1988 quidquid
820 1887 871 1964 est
901 1905 1034 1987 operae
1065 1915 1168 1964 meae
1199 1888 1283 1984 tibi,
1319 1955 1324 1962 .

121 2083 126 2094 ι
195 1993 200 2000 ’
242 1993 498 2080 ΙΙΙυΙὶτὶΠὶῐηε,
521 1994 671 2086 Comes,
707 1990 870 2065 dicatum
903 1991 972 2094 elle
1004 1991 1094 2066 volo
1130 2009 1171 2066 ea
1202 1993 1282 2092 lege

236 2093 354 2199 ,atque
379 2093 612 2192 conditione,
636 2095 692 2169 uti
717 2097 907 2197 profitear,
938 2115 1001 2170 tua
1025 2095 1134 2169 etiam
1156 2096 1284 2170 huma·
1391 2125 1398 2138 ¹

243 2193 396 2300 nimie,
417 2220 478 2272 tna
516 2196 741 2296 indulgentia
780 2201 975 2277 cxcitatum
1013 2199 1170 2273 libenter
1214 2219 1286 2272 tra·

244 2295 563 2396 etallel'liniurn,
592 2297 696 2398 quod
721 2301 995 2400 cognoscerem,
1027 2303 1096 2376 elle
1125 2301 1224 2402 apud
1247 2323 1284 2378 te

244 2406 285 2480 in
321 2406 485 2506 bonore¹
517 2403 627 2476 hasce
675 2401 818 2496 literas,
867 2417 978 2506 teque
1026 2403 1284 2505 sapientillima

126 2534 129 2543 ·
245 2509 408 2602 ratione,
439 2507 486 2581 ab
521 2504 670 2606 optimis
703 2525 907 2605 praeceptis
931 2529 967 2581 ct
993 2529 1059 2582 tuo
1090 2505 1200 2607 ipsius
1226 2502 1294 2582 ert-⁵

245 2608 500 2718 nellentillimo
522 2607 672 2708 ingenio
695 2608 883 2708 profecta,
916 2611 1101 2704 arbitrari,
1133 2611 1212 2706 vix,
1242 2633 1284 2685 ut

246 2739 306 2788 res
337 2711 421 2809 lunt
449 2711 582 2808 hodie,
618 2712 775 2786 feliciter
808 2711 955 2788 tractari
983 2736 1118 2789 ceteras
1150 2712 1286 2811 doctri·
1333 2727 1337 2741 '

245 2843 315 2891 nae
342 2839 463 2916 partes
489 2811 613 2916 3polle,
652 2813 720 2888 nili
749 2815 831 2916 quis
852 2814 906 2886 'ab
938 2812 1071 2890 horum
1102 2818 1285 2896 librorum

72 3019 76 3028 ,
170 2917 173 2922 ’
246 2915 316 2992 nl'u
346 2917 513 3038 diligenti
545 2917 743 3011 iudicium,
783 2939 821 2992 et
861 2915 961 3016 quali
996 2920 1136 3016 gustum
1174 2947 1288 3022 quen-

247 3019 334 3096 dam
373 3047 471 3116 vert,
506 3021 679 3122 pulchri,
718 3043 754 3095 et
792 3019 954 3114 honesti,
992 3021 1093 3120 quod
1130 3046 1210 3097 tum
1245 3025 1285 3098 in

248 3125 415 3200 oratione
446 3147 525 3198 tum
556 3125 595 3198 in
624 3123 701 3201 vita
726 3145 771 3198 aet
797 3121 1061 3198 consuetudine
1091 3123 1287 3224 hominurn·

247 3225 490 3330 conspicitur,
521 3228 698 3304 retulerit.

244 3501 245 3509 ,
349 3427 513 3534 Eirstant,
547 3455 584 3510 ct
606 3433 673 3510 suo
706 3456 874 3534 ternpore
898 3436 1284 3526 commemorabuntur

247 3535 348 3638 apud
379 3537 541 3638 posteros
567 3539 695 3634 ctiam,
726 3535 917 3637 lingularia
941 3541 1048 3637 plane
1073 3537 1284 3612 excubantis

246 3665 316 3740 pro
343 3662 379 3716 te
404 3640 662 3716 Providentiae
688 3639 832 3716 divinae
858 3667 1027 3733 munera,
1068 3665 1161 3738 quae
1185 3639 1285 3714 orbi-

245 3762 358 3816 tatem
382 3763 484 3818 tuam
501 3745 552 3820 ita
574 3747 808 3845 gubernavit,
835 3763 876 3815 nt
896 3743 1027 3834 merito
1047 3739 1283 3841 suspicemur,

274 3848 455 3944 raeparari
481 3869 517 3922 te
549 3849 785 3948 magnificum
809 3846 907 3918 illius
931 3844 1208 3920 instrumentum
1236 3847 1285 3930 ad

244 3871 398 4024 laterem
418 3971 455 4024 et
475 3950 953 4050 &licinianum-imorum
974 3949 1181 4043 hominum,
1205 3972 1285 4024 tum

138 4091 141 4096 ·
246 4053 312 4154 qui
342 4051 383 4126 in
414 4073 478 4129 tna
516 4053 657 4134 ditione
685 4051 788 4149 lunt,
822 4071 902 4127 turn
931 4052 1089 4132 aliorum
1120 4079 1191 4122 ω·Λ
