2846 4958
362 273 588 366 earcere.
624 310 721 365 ear.
743 313 835 364 ιιι.
863 284 970 364 c'xrr.
1109 281 1187 398 ‘677

140 478 387 556 consulatibus
402 477 589 554 intervalla
608 477 836 578 permittere,
862 477 929 552 uili
945 477 1189 576 dum‘fioiun-

138 581 226 658 tur?
259 585 382 658 Facias
399 583 462 656 ista
478 582 637 682 semper,
663 611 730 656 nec
746 609 909 682 unquam
921 582 959 656 in
975 582 1048 656 hoc
1072 609 1233 682 operere
1314 587 1319 606 '

140 709 204 760 aut
228 687 368 762 animus
392 707 495 782 tuus,
519 707 581 763 aut
600 688 746 761 fortuna
766 685 920 760 lalletur.
960 685 1050 760 ·Des
1073 715 1186 786 quam

138 789 306 888 plurimis
342 791 470 874 tertios
501 787 728 883 consulatus,
764 810 819 882 et,
860 817 975 889 quum
1012 790 1182 889 plurimis

138 893 267 966 tertios
295 894 502 968 consulatus
527 889 691 980 dederis,
722 890 865 992 semper
896 913 1019 967 tameo
1044 893 1180 993 plures,

139 997 273 1096 quibus
296 996 429 1072 debeas
452 995 557 1089 dare,
577 994 764 1096 superfiat.
977 1081 979 1086 ,

237 1100 361 1174 att-11.
414 1100 591 1188 Omnium
610 1097 761 1200 quidem
778 1100 1059 1194 beneficiorum,
1087 1123 1182 1198 quae

136 1203 362 1304 merentibus
383 1204 616 1296 tribuuntur²
639 1229 713 1276 non
731 1203 779 1276 ad
797 1201 894 1304 ipsos
909 1201 1083 1304 gaudium
1107 1229 1182 1274 ma·
1202 1218 1203 1226 ’

137 1305 212 1402 gis,
238 1333 348 1406 quam
373 1304 422 1380 ad
448 1303 579 1380 fimiles
601 1305 801 1389 redundat:
835 1310 1031 1408 praecipue
1057 1326 1182 1379 tamen

137 1433 180 1480 ex
203 1410 338 1482 horum
360 1409 567 1503 consulatu,
592 1435 667 1482 non
701 1409 749 1482 ad
775 1432 917 1508 partem
942 1411 1103 1508 aliquam
1128 1406 1182 1482 le·

98 1513 102 1526 '
135 1532 260 1606 natus,
285 1511 349 1590 sed
373 1511 420 1586 ad
441 1535 560 1586 totum
580 1510 743 1586 leuatum
768 1533 866 1586 tanta
890 1514 1027 1590 laetitia
1056 1537 1182 1608 perve-

134 1615 209 1708 nit,
234 1637 275 1689 ut
298 1616 455 1690 eundem
476 1616 657 1698 honorem
679 1641 808 1690 omnen
831 1615 899 1689 fibi
923 1637 959 1691 et
984 1612 1119 1690 dodillo
1143 1634 1180 1688 et

136 1718 311 1818 eccepille
336 1717 539 1794 videantur.
591 1717 735 1818 Nempe
761 1719 858 1794 enim
882 1719 922 1792 hi
948 1717 1051 1808 suot,
1084 1743 1206 1816 quoea

133 1817 295 1916 senatus,
326 1850 440 1922 quum
468 1820 625 1921 publicis
653 1819 830 1895 sumtibus
855 1819 1063 1896 minuendis
1086 1819 1182 1918 opti·

133 1951 236 1996 mum
258 1952 442 2025 quemque
463 1927 695 2024 praeficeret,
721 1926 849 2024 elegit,
879 1947 915 2000 et
931 1922 1083 2026 quidem
1106 1922 1180 2020 pri·

135 2052 228 2098 mos.
283 2028 367 2102 Hoc
392 2028 442 2101 est
471 2027 601 2125 igitur,
635 2027 708 2101 hoc
739 2028 808 2124 ell,
838 2026 942 2128 quod
967 2027 1111 2126 penitus
1136 2025 1179 2097 il·
1292 2022 1296 2027 ’

131 2127 206 2202 los'
223 2129 346 2203 animo
377 2129 535 2228 Caesaris
557 2129 763 2203 insinuarit.
826 2131 887 2206 An
915 2158 1043 2230 parum
1072 2127 1209 2228 laepeg

136 2231 277 2330 experti
295 2231 436 2326 sumus,
465 2234 560 2306 hanc
588 2232 657 2306 elle
681 2261 804 2308 rerum
833 2233 1105 2327 conditionem,
1135 2251 1177 2304 ut
1213 2277 1248 2312 a.

132 2333 404 2409 senattrstfavor
426 2335 524 2435 apud
549 2335 754 2436 principem
778 2359 840 2412 aut
867 2335 998 2437 profit,
1027 2357 1089 2410 eut
1110 2361 1177 2408 no·
1227 2422 1231 2428 Ι

133 2437 242 2511 cent?
294 2437 429 2514 Nonne
445 2438 568 2538 paullo
590 2460 673 2513 aute
689 2441 783 2516 nihil
800 2441 913 2540 magis
929 2439 1071 2516 exitiale
1085 2458 1174 2531 erat,
1246 2439 1249 2445 ’
1276 2471 1282 2483 ·

134 2567 245 2640 quam
263 2543 325 2614 illa
348 2543 524 2642 principie
546 2543 749 2642 cogitatio?
778 2547 1054 2640 Hunosemmr
1076 2569 1176 2640 pro-

133 2646 215 2735 bat,
251 2647 309 2718 laio
328 2649 481 2740 senatui
515 2671 623 2720 carue
661 2652 723 2740 est.
788 2647 965 2742 Oderat‚'
983 2673 1077 2746 quos
1107 2671 1175 2718 nos

133 2761 358 2857 amaremue3
388 2747 453 2824 sed
485 2770 521 2842 ot
553 2775 641 2844 nos,
675 2777 771 2850 quos
799 2751 874 2825 ille.
939 2738 1048 2824 Nun'c
1079 2750 1205 2851 inter4'

130 2850 337 2950 principem
356 2849 592 2950 senatumque
614 2849 810 2952 diguiffimi
829 2853 1006 2952 cuiusque
1024 2853 1174 2924 caritate

131 2973 302 3026 certatur.
355 2953 653 3030 Demonstramus
677 2953 857 3044 invicem,
881 2955 1062 3028 credimus
1083 2953 1176 3026 invi·

132 3075 242 3151 cem‚·
274 3051 449 3155 quodque
479 3053 678 3130 maximum
708 3058 842 3132 amoris
878 3057 996 3130 mutui
1034 3055 1176 3154 lignum

133 3159 200 3252 est,
236 3156 386 3232 eosdem
411 3183 589 3256 ¹amamur.
645 3157 833 3260 Proinde,
869 3157 911 3230 P.
952 3162 1035 3250 C.‚-
1054 3161 1205 3250 savete5

112 3419 115 3426 .
167 3367 634 3442 damfiatamomluoamtameu,
669 3375 695 3428 8.
714 3375 824 3446 Nempe
847 3380 921 3430 enim
939 3402 974 3416 -
995 3372 1174 3446 ΑαιιινίςΙὶζε

132 3441 263 3513 amplior,
282 3439 456 3502 intercellille,
475 3461 490 3496 e
508 3441 579 3498 fastis
590 3461 635 3514 ep·
669 3461 719 3500 etc.
734 3479 737 3493 ·
755 3445 782 3498 S.

129 3527 214 3633 paret.
259 3510 410 3566 Obliurarit
441 3513 497 3566 inm'
523 3511 634 3585 Lipfiur,
717 3516 837 3568 nantibus
863 3511 1042 3576 mrauendrr)
1077 3512 1132 3564 lem
1156 3527 1173 3563 ι
1261 3522 1265 3532 ·

152 3599 199 3634 aec
218 3581 332 3637 oratorie
351 3581 449 3654 megia,
475 3600 555 3654 quam
576 3599 635 3637 vere
697 3601 756 3640 erra
780 3584 836 3638 hoc
856 3583 1000 3652 collegium
1023 3575 1173 3642 inditarum

132 3649 194 3702 diei·
231 3649 264 3701 G·
668 3653 786 3718 viderur,
804 3653 976 3712 recreandae,
996 3651 1172 3722 quaeaDo·
1231 3628 1249 3698 d

163 3719 271 3800 Nempe
284 3715 344 3772 illue
358 3721 579 3790 exaggerationes,
595 3719 635 3775 illi
667 3723 778 3776 mitiano
794 3721 917 3776 exhauste
930 3719 1028 3781 suern,
1048 3717 1173 3788 reipubli·
1195 3731 1197 3736 ’
1277 3765 1285 3782 ,

129 3791 258 3842 οῐιιιοιιίι
272 3788 430 3851 ,Ιιυωνὶιηιὶε
450 3789 534 3844 fluxae
549 3807 575 3846 et
588 3809 634 3843 en·
667 3809 714 3846 ceo
737 3791 833 3846 cauffo.
868 3791 997 3846 EDioue
1018 3787 1171 3860 Xiphllinue

127 3859 226 3912 fractus
246 3858 300 3912 fine
317 3859 364 3912 illo
384 3859 524 3914 mendacio
541 3858 634 3914 locum
666 3862 696 3913 L.
712 3861 756 3932 63.
770 3882 797 3934 p.
809 3879 867 3933 770.
884 3861 916 3914 n.
937 3857 1052 3915 nattes
1065 3863 1111 3930 μὲν
1125 3865 1172 3916 ἓν·

63 3979 66 3984 .
128 3928 226 3982 habore
247 3947 302 3980 non
321 3925 473 4002 potuill'ent.
509 3929 544 3982 Ε.
665 3937 739 4005 etus„
757 3932 900 3987 πολλᾰςδὲ
912 3935 1098 3998 ἱπποδρομίας,
1117 3924 1168 3985 ὄλ·

163 3996 251 4057 LXll·
281 4015 291 4050 Ι
326 4017 412 4070 qvam
440 3997 481 4052 od
503 3997 631 4068 slmiles)
664 4003 937 4062 λαετιωάςθέαε,
957 4003 1106 4063 κατέλυσε,
1124 4020 1169 4054 σν··

128 4067 206 4139 Quos
226 4065 322 4120 alacrer
342 4067 404 4120 lacit
422 4067 546 4128 nimirum
572 4066 630 4140 sper
663 4073 763 4125 eima
777 4069 811 4126 ais
825 4068 878 4126 οἶόν
891 4091 922 4124 τε
936 4067 972 4122 ro*
985 4069 1170 4138 δαπανήματα.

126 4133 423 4210 fimilieconsoqnendi,
444 4134 629 4196 cumrideant.
665 4140 895 4209 quinqueviros
915 4133 1078 4188 minuendis
1089 4133 1171 4202 sum·

127 4225 185 4260 non
205 4205 503 4266 hominibushonores,
523 4205 630 4261 sedvir-
662 4208 738 4260 arbro
760 4205 869 4260 ludlclo
886 4209 1010 4277 senatur
1038 4201 1172 4274 constitu-

126 4275 178 4334 tuti
197 4275 358 4336 mmeritis,
378 4277 444 4330 dari.
481 4275 516 4328 G.
662 4291 708 4330 tor
733 4293 810 4333 vocat
834 4268 1003 4352 iplo'noller
1022 4271 1072 4346 Ep.
1095 4287 1125 4332 2,
1148 4290 1172 4332 ι.
1260 4339 1265 4348 ³

162 4345 409 4420 autempeanrm)
442 4343 523 4420 Epist.
539 4354 571 4411 3,
589 4345 630 4411 ιθ,
662 4363 691 4418 9.
731 4347 766 4402 G.

1366 4041 1372 4078 l
